{"leader":"00330nz  a2200121n  4500","fields":[{"001":"3294849"},{"005":"19940331153726.0"},{"008":"940329n| acannaab|          |n aaa |||  "},{"010":{"ind1":" ","ind2":" ","subfields":[{"a":"n  94030236 "}]}},{"035":{"ind1":" ","ind2":" ","subfields":[{"a":"(DLC)n  94030236"}]}},{"040":{"ind1":" ","ind2":" ","subfields":[{"a":"DLC"},{"c":"DLC"}]}},{"100":{"ind1":"1","ind2":"0","subfields":[{"a":"Reed, Marcelina"}]}},{"670":{"ind1":" ","ind2":" ","subfields":[{"a":"Seven clans of the Cherokee society, c1993:"},{"b":"t.p. (Marcelina Reed)"}]}}]}
{"leader":"00388cz  a2200121n  4500","fields":[{"001":"2523100"},{"005":"19890408081528.9"},{"008":"890310n| acannaab|          |n aaa |||  "},{"010":{"ind1":" ","ind2":" ","subfields":[{"a":"n  88224314 "}]}},{"035":{"ind1":" ","ind2":" ","subfields":[{"a":"(DLC)n  88224314"}]}},{"040":{"ind1":" ","ind2":" ","subfields":[{"a":"DLC"},{"c":"DLC"}]}},{"100":{"ind1":"1","ind2":"0","subfields":[{"a":"Foote, Eli,"},{"d":"1747-1792"}]}},{"670":{"ind1":" ","ind2":" ","subfields":[{"a":"NUCMC data from Stowe-Day Lib. for Foote family. Papers, 1790-1963"},{"b":"(Eli Foote; lawyer, merchant, of Guilford, Conn.)"}]}}]}
{"leader":"00781cz  a2200133n  4500","fields":[{"001":"2535861"},{"005":"19890920064916.7"},{"008":"890727n| acannaab|          |a ana |||  "},{"010":{"ind1":" ","ind2":" ","subfields":[{"a":"n  88244709 "}]}},{"035":{"ind1":" ","ind2":" ","subfields":[{"a":"(DLC)n  88244709"}]}},{"040":{"ind1":" ","ind2":" ","subfields":[{"a":"DLC"},{"c":"DLC"}]}},{"110":{"ind1":"1","ind2":"0","subfields":[{"a":"Florence (Tuscany)"},{"t":"Bando et ordine da tenersi & osseruarsi per chi vende & contrata porci nello stato di Fiorenza ..."}]}},{"410":{"ind1":"1","ind2":"0","subfields":[{"a":"Tuscany (Grand Duchy)"},{"t":"Bando et ordine da tenersi & osseruarsi per chi vende & contrata porci nello stato di Fiorenza ..."}]}},{"670":{"ind1":" ","ind2":" ","subfields":[{"a":"Its Bando et ordine da tenersi & osseruarsi per chi vende & contrata porci ... 1591:"},{"b":"t.p. (Bando et ordine da tenersi & osseruarsi per chi vende & contrata porci nello stato di Fiorenza da dì primo di settembre sino al primodi quaresima pertinente alla gabella della carne)"}]}}]}
{"leader":"00507cz  a2200133n  4500","fields":[{"001":"3496894"},{"005":"20000729064911.0"},{"008":"960223n| acannaabn          |n aaa      "},{"010":{"ind1":" ","ind2":" ","subfields":[{"a":"n  95930459 "}]}},{"035":{"ind1":" ","ind2":" ","subfields":[{"a":"(OCoLC)oca04136380"}]}},{"035":{"ind1":" ","ind2":" ","subfields":[{"a":"(DLC)n  95930459"}]}},{"040":{"ind1":" ","ind2":" ","subfields":[{"a":"DLC"},{"b":"eng"},{"c":"DLC"},{"d":"OCoLC"}]}},{"100":{"ind1":"1","ind2":" ","subfields":[{"a":"Bangun, Roberto,"},{"d":"1939-"}]}},{"670":{"ind1":" ","ind2":" ","subfields":[{"a":"Mensukseskan pembangunan, 1995:"},{"b":"t.p. (Roberto Bangun) p. 1.a. (b. in Kabanjahe, Kab. Karo, 9/5/39; ketua, Pemuda Penerus Penegak Jiwa '45, tahun 1964; anggota DPRD DKI Jakarta, 1971-1977)"}]}}]}
{"leader":"00386cz  a2200133n  4500","fields":[{"001":"2080577"},{"005":"20080622191727.0"},{"008":"860529n| acannaabn          |n aaa      "},{"010":{"ind1":" ","ind2":" ","subfields":[{"a":"n  86132821 "}]}},{"035":{"ind1":" ","ind2":" ","subfields":[{"a":"(OCoLC)oca01597898"}]}},{"035":{"ind1":" ","ind2":" ","subfields":[{"a":"(DLC)n  86132821"}]}},{"040":{"ind1":" ","ind2":" ","subfields":[{"a":"DLC"},{"b":"eng"},{"c":"DLC"},{"d":"DLC"},{"d":"OCoLC"}]}},{"100":{"ind1":"1","ind2":" ","subfields":[{"a":"Holschuh, Rose"}]}},{"670":{"ind1":" ","ind2":" ","subfields":[{"a":"150 Jahre Landgericht Saarbrücken, c1985:"},{"b":"t.p. verso (Rose Holschuh)"}]}}]}
{"leader":"00378cz  a2200121n  4500","fields":[{"001":"2906490"},{"005":"19901114113410.1"},{"008":"901114n| acannaab|          |n ana |||  "},{"010":{"ind1":" ","ind2":" ","subfields":[{"a":"n  90714495 "}]}},{"035":{"ind1":" ","ind2":" ","subfields":[{"a":"(DLC)n  90714495"}]}},{"040":{"ind1":" ","ind2":" ","subfields":[{"a":"DLC"},{"c":"DLC"},{"d":"DLC"}]}},{"110":{"ind1":"2","ind2":"0","subfields":[{"a":"Cunningham Dance Foundation"}]}},{"670":{"ind1":" ","ind2":" ","subfields":[{"a":"Data from ALA Booklist for Points in space [MP] 1987"},{"b":"(Cunningham Dance Foundation; New York, NY)"}]}}]}
{"leader":"00665cz  a2200181n  4500","fields":[{"001":"2714242"},{"005":"19981022053714.7"},{"008":"951201n| acannaab|          |a aaa      "},{"010":{"ind1":" ","ind2":" ","subfields":[{"a":"n  89253171 "}]}},{"035":{"ind1":" ","ind2":" ","subfields":[{"a":"(OCoLC)oca04028209 "}]}},{"035":{"ind1":" ","ind2":" ","subfields":[{"a":"(DLC)n  89253171"}]}},{"040":{"ind1":" ","ind2":" ","subfields":[{"a":"DLC"},{"c":"DLC"},{"d":"DLC-ON"}]}},{"100":{"ind1":"1","ind2":"0","subfields":[{"a":"Pāṇḍeya, Gaṅgāprasāda"}]}},{"400":{"ind1":"0","ind2":"0","subfields":[{"a":"Gaṅgāprasāda Pāṇḍeya"}]}},{"400":{"ind1":"0","ind2":"0","subfields":[{"a":"Gaṅgā Prasāda Pāṇḍeya"}]}},{"400":{"ind1":"1","ind2":"0","subfields":[{"a":"Pāṇḍeya, Gaṅgā Prasāda"}]}},{"670":{"ind1":" ","ind2":" ","subfields":[{"a":"Mahādevī kā vivecanātmaka gadya, between 1900 to 1950:"},{"b":"t.p. (Gaṅgāprasāda Pāṇḍeya, M.A.)"}]}},{"670":{"ind1":" ","ind2":" ","subfields":[{"a":"Dekhā-sunā, 1950:"},{"b":"t.p. (Gaṅgā Prasāda Pāṇḍeya)"}]}}]}
{"leader":"00380cz  a2200133n  4500","fields":[{"001":"1867177"},{"005":"20080511164857.0"},{"008":"860912n| acannaabn          |n aaa      "},{"010":{"ind1":" ","ind2":" ","subfields":[{"a":"n  85287569 "}]}},{"035":{"ind1":" ","ind2":" ","subfields":[{"a":"(OCoLC)oca01698513"}]}},{"035":{"ind1":" ","ind2":" ","subfields":[{"a":"(DLC)n  85287569"}]}},{"040":{"ind1":" ","ind2":" ","subfields":[{"a":"DLC"},{"b":"eng"},{"c":"DLC"},{"d":"OCoLC"}]}},{"100":{"ind1":"1","ind2":" ","subfields":[{"a":"Frank, Johann"}]}},{"670":{"ind1":" ","ind2":" ","subfields":[{"a":"His Anspruchsmehrheiten im Streitwertrecht, c1986:"},{"b":"t.p. (Johann Frank)"}]}}]}
{"leader":"00333nz  a2200121n  4500","fields":[{"001":"3114648"},{"005":"19920909135055.2"},{"008":"920909n| acannaab|          |n aaa |||  "},{"010":{"ind1":" ","ind2":" ","subfields":[{"a":"n  92090264 "}]}},{"035":{"ind1":" ","ind2":" ","subfields":[{"a":"(DLC)n  92090264"}]}},{"040":{"ind1":" ","ind2":" ","subfields":[{"a":"DLC"},{"c":"DLC"}]}},{"100":{"ind1":"1","ind2":"0","subfields":[{"a":"Beresford, Christine"}]}},{"670":{"ind1":" ","ind2":" ","subfields":[{"a":"Newbould, C. The Glosters, 1992:"},{"b":"CIP t.p. (Christine Beresford)"}]}}]}
{"leader":"00480nz  a2200133n  4500","fields":[{"001":"2890418"},{"005":"19900924084009.4"},{"008":"900924n| acannaab|          |a aaa |||  "},{"010":{"ind1":" ","ind2":" ","subfields":[{"a":"n  90696664 "}]}},{"035":{"ind1":" ","ind2":" ","subfields":[{"a":"(DLC)n  90696664"}]}},{"040":{"ind1":" ","ind2":" ","subfields":[{"a":"DLC"},{"c":"DLC"}]}},{"100":{"ind1":"1","ind2":"0","subfields":[{"a":"Ruquoy, D."},{"q":"(Danielle)"}]}},{"400":{"ind1":"1","ind2":"0","subfields":[{"a":"Ruquoy, Danielle"}]}},{"670":{"ind1":" ","ind2":" ","subfields":[{"a":"Her Travail-- ras le bol? jouissance? c1986:"},{"b":"t.p. (D. Ruquoy) t.p. verso (Danielle Ruquoy) p. 4 cover (licenciée en sociologie; assistante, Fac. univ. Saint-Louis, Brussels)"}]}}]}
{"leader":"00880cz  a2200205n  4500","fields":[{"001":"2459284"},{"005":"20120812205158.0"},{"008":"880606n| acannaabn          |a aaa     c"},{"010":{"ind1":" ","ind2":" ","subfields":[{"a":"n  88130581 "}]}},{"035":{"ind1":" ","ind2":" ","subfields":[{"a":"(OCoLC)oca02293110"}]}},{"035":{"ind1":" ","ind2":" ","subfields":[{"a":"(DLC)n  88130581"}]}},{"040":{"ind1":" ","ind2":" ","subfields":[{"a":"MdU"},{"b":"eng"},{"c":"DLC"},{"d":"OCoLC"},{"d":"DLC"}]}},{"046":{"ind1":" ","ind2":" ","subfields":[{"f":"1779"},{"g":"1847"}]}},{"100":{"ind1":"1","ind2":" ","subfields":[{"a":"Björnstjerna, Magnus Fredrik Ferdinand,"},{"c":"grefve,"},{"d":"1779-1847"}]}},{"400":{"ind1":"1","ind2":" ","subfields":[{"a":"B., M."},{"q":"(Magnus Björnstjerna),"},{"d":"1779-1847"}]}},{"400":{"ind1":"0","ind2":" ","subfields":[{"a":"M. B."},{"q":"(Magnus Björnstjerna),"},{"d":"1779-1847"}]}},{"667":{"ind1":" ","ind2":" ","subfields":[{"a":"THIS 1XX FIELD CANNOT BE USED UNDER RDA UNTIL THIS RECORD HAS BEEN REVIEWED AND/OR UPDATED"}]}},{"670":{"ind1":" ","ind2":" ","subfields":[{"a":"His Influence of the public debt over the prosperity of the country, 1834:"},{"b":"t.p. (M.B.)"}]}},{"670":{"ind1":" ","ind2":" ","subfields":[{"a":"Halkett & Laing"},{"b":"(M.B., Count Magnus Frederik Ferdinand Björnstjerna)"}]}},{"670":{"ind1":" ","ind2":" ","subfields":[{"a":"NUC pre-56"},{"b":"(Björnstjerna, Magnus Fredrik Ferdinand, grefve, 1779-1847)"}]}}]}
{"leader":"00397nz  a2200121n  4500","fields":[{"001":"3025434"},{"005":"19911126125557.7"},{"008":"911126n| acannaab|          |n aad |||  "},{"010":{"ind1":" ","ind2":" ","subfields":[{"a":"n  91120369 "}]}},{"035":{"ind1":" ","ind2":" ","subfields":[{"a":"(DLC)n  91120369"}]}},{"040":{"ind1":" ","ind2":" ","subfields":[{"a":"DLC"},{"c":"DLC"}]}},{"100":{"ind1":"1","ind2":"0","subfields":[{"a":"Gruber, Benjamin,"},{"d":"1954-"}]}},{"670":{"ind1":" ","ind2":" ","subfields":[{"a":"nuc91-11751: His Localization and binding of ... 1980"},{"b":"(hdg. on ICU rept.: Gruber, Benjamin, 1954- ; usage: Benjamin Gruber)"}]}}]}
{"leader":"00384nz  a2200121n  4500","fields":[{"001":"1983090"},{"005":"19870706112045.3"},{"008":"870605n| acannaab|          |n aaa |||  "},{"010":{"ind1":" ","ind2":" ","subfields":[{"a":"n  86007895 "}]}},{"035":{"ind1":" ","ind2":" ","subfields":[{"a":"(DLC)n  86007895"}]}},{"040":{"ind1":" ","ind2":" ","subfields":[{"a":"DLC"},{"c":"DLC"},{"d":"DLC"}]}},{"100":{"ind1":"1","ind2":"0","subfields":[{"a":"Green, William C.,"},{"d":"1941-"}]}},{"670":{"ind1":" ","ind2":" ","subfields":[{"a":"The Unfulfilled promise of synthetic fuels, c1987:"},{"b":"CIP t.p. (William C. Green) info. from pub. (b. 1941)"}]}}]}
{"leader":"00646nz  a2200157n  4500","fields":[{"001":"3009332"},{"005":"19911008091344.6"},{"008":"911008n| acannaab|          |a aaa |||  "},{"010":{"ind1":" ","ind2":" ","subfields":[{"a":"n  91102196 "}]}},{"035":{"ind1":" ","ind2":" ","subfields":[{"a":"(DLC)n  91102196"}]}},{"040":{"ind1":" ","ind2":" ","subfields":[{"a":"DLC"},{"c":"DLC"}]}},{"100":{"ind1":"1","ind2":"0","subfields":[{"a":"Simmons, Agatha Aimar,"},{"d":"1900-1982"}]}},{"400":{"ind1":"1","ind2":"0","subfields":[{"w":"nnaa"},{"a":"Simmons, Agatha Aimar"}]}},{"400":{"ind1":"1","ind2":"0","subfields":[{"a":"Aimar, Agatha,"},{"d":"1900-1982"}]}},{"670":{"ind1":" ","ind2":" ","subfields":[{"a":"NUCMC data from South Carolina Historical Society for Her Research papers, 1929-1962"},{"b":"(Agatha Aimar, 1900-1982; Agatha Aimar Simmons; Charleston historian; dau. Charles and Leonarda A.; m. T. Ritchie Simmons)"}]}},{"670":{"ind1":" ","ind2":" ","subfields":[{"a":"LC data base, 10-08-91"},{"b":"(hdg.: Simmons, Agatha Aimar)"}]}}]}
{"leader":"00421nz  a2200133n  4500","fields":[{"001":"2375919"},{"005":"19880402063727.6"},{"008":"880223n| acannaab|          |n aaa |||  "},{"010":{"ind1":" ","ind2":" ","subfields":[{"a":"n  88016029 "}]}},{"035":{"ind1":" ","ind2":" ","subfields":[{"a":"(DLC)n  88016029"}]}},{"040":{"ind1":" ","ind2":" ","subfields":[{"a":"DLC"},{"c":"DLC"}]}},{"100":{"ind1":"1","ind2":"0","subfields":[{"a":"Sachs, Moshe Y."}]}},{"670":{"ind1":" ","ind2":" ","subfields":[{"a":"Worldmark encyclopedia of the nations, c1988:"},{"b":"pref. (Moshe Y. Sachs) data sheet (b. 10/21/21)"}]}},{"670":{"ind1":" ","ind2":" ","subfields":[{"a":"LC data base, 2/12/88"},{"b":"(hdg.: Sachs, Moshe Y.)"}]}}]}
{"leader":"00386nz  a2200121n  4500","fields":[{"001":"3216347"},{"005":"19930810085830.2"},{"008":"930810n| acannaab|          |n aaa |||  "},{"010":{"ind1":" ","ind2":" ","subfields":[{"a":"n  93076452 "}]}},{"035":{"ind1":" ","ind2":" ","subfields":[{"a":"(DLC)n  93076452"}]}},{"040":{"ind1":" ","ind2":" ","subfields":[{"a":"DLC"},{"c":"DLC"}]}},{"100":{"ind1":"1","ind2":"0","subfields":[{"a":"Gavrielides, Eleonora"}]}},{"670":{"ind1":" ","ind2":" ","subfields":[{"a":"Her Greek Cypriot properties in the occupied area, 1992:"},{"b":"t.p. (Eleonora Gavrielides, Press and Information Officer)"}]}}]}
{"leader":"00806cz  a2200229n  4500","fields":[{"001":"2689193"},{"005":"20140518121536.0"},{"008":"931118n| azannaabn          |a ana      "},{"010":{"ind1":" ","ind2":" ","subfields":[{"a":"n  89158212 "}]}},{"035":{"ind1":" ","ind2":" ","subfields":[{"a":"(OCoLC)oca03499378"}]}},{"035":{"ind1":" ","ind2":" ","subfields":[{"a":"(DLC)n  89158212"}]}},{"040":{"ind1":" ","ind2":" ","subfields":[{"a":"DLC"},{"b":"eng"},{"e":"rda"},{"c":"DLC"},{"d":"OCoLC"},{"d":"DLC"}]}},{"043":{"ind1":" ","ind2":" ","subfields":[{"a":"a-ii---"}]}},{"151":{"ind1":" ","ind2":" ","subfields":[{"a":"Poonamallee (India)"}]}},{"451":{"ind1":" ","ind2":" ","subfields":[{"a":"Poonamalee (India)"}]}},{"451":{"ind1":" ","ind2":" ","subfields":[{"a":"Pondamalie (India)"}]}},{"670":{"ind1":" ","ind2":" ","subfields":[{"a":"Poonamalee mutiny of 1785, 1785:"},{"b":"binder's title (Poonamalee) 1st leaf of one of the documents (Pondamalie)"}]}},{"670":{"ind1":" ","ind2":" ","subfields":[{"a":"Lipp."},{"b":"(Poonamallee, town in Chinglepet Dist., W of Madras)"}]}},{"670":{"ind1":" ","ind2":" ","subfields":[{"a":"PIN, 1976"},{"b":"(Poonamalle 600056)"}]}},{"670":{"ind1":" ","ind2":" ","subfields":[{"a":"GEOnet, May 12, 2014"},{"b":"(Poonamallee; PPL; 13° 2' 47\" N, 080° 6' 36\" E)"}]}},{"675":{"ind1":" ","ind2":" ","subfields":[{"a":"Where is it, 1976"}]}},{"781":{"ind1":" ","ind2":"0","subfields":[{"z":"India"},{"z":"Poonamallee"}]}}]}
{"leader":"00459nz  a2200133n  4500","fields":[{"001":"2140533"},{"005":"19860313132116.4"},{"008":"860313n| acannaab|          |a aad |||  "},{"010":{"ind1":" ","ind2":" ","subfields":[{"a":"n  86813072 "}]}},{"035":{"ind1":" ","ind2":" ","subfields":[{"a":"(DLC)n  86813072"}]}},{"040":{"ind1":" ","ind2":" ","subfields":[{"a":"DLC"},{"c":"DLC"}]}},{"100":{"ind1":"1","ind2":"0","subfields":[{"a":"Wuthrich, P. Kay"},{"q":"(Paul Kay),"},{"d":"1936-"}]}},{"400":{"ind1":"1","ind2":"0","subfields":[{"a":"Wuthrich, Paul Kay,"},{"d":"1936-"}]}},{"670":{"ind1":" ","ind2":" ","subfields":[{"a":"nuc86-22657: His A study of differences between ... 1975"},{"b":"(hdg. on CLamB rept.: Wuthrich, Paul Kay, 1936- ; usage: P. Kay Wuthrich)"}]}}]}
{"leader":"00675cz  a2200157n  4500","fields":[{"001":"1999997"},{"005":"19940331053026.2"},{"008":"870219n| acannaab|          |a aaa |||  "},{"010":{"ind1":" ","ind2":" ","subfields":[{"a":"n  86030477 "}]}},{"035":{"ind1":" ","ind2":" ","subfields":[{"a":"(DLC)n  86030477"}]}},{"040":{"ind1":" ","ind2":" ","subfields":[{"a":"DLC"},{"c":"DLC"},{"d":"DLC"},{"d":"ICU"}]}},{"100":{"ind1":"1","ind2":"0","subfields":[{"a":"Efimov, R. V."},{"q":"(Robert Vladimirovich)"}]}},{"400":{"ind1":"1","ind2":"0","subfields":[{"a":"Efimov, Robert Vladimirovich"}]}},{"400":{"ind1":"1","ind2":"0","subfields":[{"a":"Jefimow, R."}]}},{"670":{"ind1":" ","ind2":" ","subfields":[{"a":"Uchebnik voennogo perevoda, 1985-:"},{"b":"v. 2, t.p. (kandidata filologicheskikh nauk, dot︠s︡enta R.V. Efimova) colophon (Robert Vladimirovich Efimov)"}]}},{"670":{"ind1":" ","ind2":" ","subfields":[{"a":"His Russko-nemet︠s︡kiĭ voenno-polit. slovarʹ, 1991:"},{"b":"t.p. (R.V. Efimov) added t.p. (R. Jefimow) colophon (Robert Vladimirovich Efimov)"}]}}]}
{"leader":"00754cz  a2200169n  4500","fields":[{"001":"2555047"},{"005":"19890606061320.1"},{"008":"890505n| acannaab|          |a aaa |||  "},{"010":{"ind1":" ","ind2":" ","subfields":[{"a":"n  88274127 "}]}},{"035":{"ind1":" ","ind2":" ","subfields":[{"a":"(DLC)n  88274127"}]}},{"040":{"ind1":" ","ind2":" ","subfields":[{"a":"DLC"},{"c":"DLC"}]}},{"100":{"ind1":"1","ind2":"0","subfields":[{"a":"Woodworth, William W.,"},{"d":"1807-1873"}]}},{"400":{"ind1":"1","ind2":"0","subfields":[{"w":"nnaa"},{"a":"Woodworth, William W."}]}},{"400":{"ind1":"1","ind2":"0","subfields":[{"a":"Woodworth, W. W."},{"q":"(William W.),"},{"d":"1807-1873"}]}},{"670":{"ind1":" ","ind2":" ","subfields":[{"a":"NUCMC data from Univ. of Virginia Lib. for Bocock, T.S. Papers, 1760-1897"},{"b":"(Woodworth, William W., 1807-1873)"}]}},{"670":{"ind1":" ","ind2":" ","subfields":[{"a":"LC manual auth cd."},{"b":"(hdg.: Woodworth, William W.; usage: W.W. Woodworth)"}]}},{"670":{"ind1":" ","ind2":" ","subfields":[{"a":"Bio. Dir. of Am. Congress, 1774-1961:"},{"b":"p. 1848, etc. (Woodworth, William W., 1807-1873; Representative from New York; involved in real estate and banking)"}]}}]}
{"leader":"00686cz  a2200145n  4500","fields":[{"001":"2678804"},{"005":"20120812205659.0"},{"008":"910612n| acannaab           |a ana      "},{"010":{"ind1":" ","ind2":" ","subfields":[{"a":"n  89131885 "}]}},{"035":{"ind1":" ","ind2":" ","subfields":[{"a":"(DLC)n  89131885"}]}},{"040":{"ind1":" ","ind2":" ","subfields":[{"a":"DLC"},{"b":"eng"},{"c":"DLC"},{"d":"DLC"}]}},{"111":{"ind1":"2","ind2":" ","subfields":[{"a":"Uganda Government Seminar on the Economy since 1986"},{"d":"(1989 :"},{"c":"Kampala, Uganda)"}]}},{"411":{"ind1":"2","ind2":" ","subfields":[{"a":"Seminar on the Economy since 1986, Uganda Government"}]}},{"667":{"ind1":" ","ind2":" ","subfields":[{"a":"THIS 1XX FIELD CANNOT BE USED UNDER RDA UNTIL THIS RECORD HAS BEEN REVIEWED AND/OR UPDATED"}]}},{"670":{"ind1":" ","ind2":" ","subfields":[{"a":"Its Papers presented at the Uganda Government Seminar ... 1990:"},{"b":"t.p. (Uganda Government Seminar on the Economy since 1986, held 12th to 17th December, 1989, Kampala Centre)"}]}}]}
{"leader":"00663cz  a2200193n  4500","fields":[{"001":"2355226"},{"005":"20081116200416.0"},{"008":"870909nc acannaabn          |b aaa      "},{"010":{"ind1":" ","ind2":" ","subfields":[{"a":"n  87938323 "}]}},{"035":{"ind1":" ","ind2":" ","subfields":[{"a":"(OCoLC)oca01936065"}]}},{"035":{"ind1":" ","ind2":" ","subfields":[{"a":"(DLC)n  87938323"}]}},{"040":{"ind1":" ","ind2":" ","subfields":[{"a":"DLC"},{"b":"eng"},{"c":"DLC"},{"d":"DLC"},{"d":"OCoLC"}]}},{"100":{"ind1":"1","ind2":" ","subfields":[{"a":"Du, Juwen"}]}},{"400":{"ind1":"1","ind2":" ","subfields":[{"w":"nne"},{"a":"Tu, Chü-wen"}]}},{"400":{"ind1":"1","ind2":" ","subfields":[{"a":"杜菊文"}]}},{"667":{"ind1":" ","ind2":" ","subfields":[{"a":"Machine-derived non-Latin script reference project."}]}},{"667":{"ind1":" ","ind2":" ","subfields":[{"a":"Non-Latin script reference not evaluated."}]}},{"670":{"ind1":" ","ind2":" ","subfields":[{"a":"Chʻing nien jen sheng che hsüeh, 1986:"},{"b":"t.p. (Tu Chü-wen)"}]}},{"670":{"ind1":" ","ind2":" ","subfields":[{"a":"Shih chʻang ching chi yü chʻi yeh ching cheng, 1993:"},{"b":"t.p. (Tu Chü-wen, deceased)"}]}}]}
{"leader":"00438cz  a2200121n  4500","fields":[{"001":"2187412"},{"005":"19870202082000.4"},{"008":"861105n| acannaab|          |n aad |||  "},{"010":{"ind1":" ","ind2":" ","subfields":[{"a":"n  86863134 "}]}},{"035":{"ind1":" ","ind2":" ","subfields":[{"a":"(DLC)n  86863134"}]}},{"040":{"ind1":" ","ind2":" ","subfields":[{"a":"DLC"},{"c":"DLC"},{"d":"DLC"}]}},{"100":{"ind1":"1","ind2":"0","subfields":[{"a":"Eshiet, Nyong Etim,"},{"d":"1938-"}]}},{"670":{"ind1":" ","ind2":" ","subfields":[{"a":"nuc86-100060: Author's A comparative study of attitudes of Md. plan grads. ... 1980"},{"b":"(hdg. on MdU rept.: Eshiet, Nyong Etim, 1938- ; usage: Nyong Etim Eshiet)"}]}}]}
{"leader":"00340nz  a2200121n  4500","fields":[{"001":"3466252"},{"005":"19951003084226.0"},{"008":"951003n| acannaab|          |n ana |||  "},{"010":{"ind1":" ","ind2":" ","subfields":[{"a":"n  95097624 "}]}},{"035":{"ind1":" ","ind2":" ","subfields":[{"a":"(DLC)n  95097624"}]}},{"040":{"ind1":" ","ind2":" ","subfields":[{"a":"DLC"},{"c":"DLC"}]}},{"110":{"ind1":"2","ind2":"0","subfields":[{"a":"Bones (Musical group)"}]}},{"670":{"ind1":" ","ind2":" ","subfields":[{"a":"Kung Fu fighting and other great love songs, p1974:"},{"b":"container (Bones)"}]}}]}
{"leader":"00355nz  a2200121n  4500","fields":[{"001":"3596719"},{"005":"19961125115954.9"},{"008":"961125n| acannaab|          |n aaa |||  "},{"010":{"ind1":" ","ind2":" ","subfields":[{"a":"n  96114239 "}]}},{"035":{"ind1":" ","ind2":" ","subfields":[{"a":"(DLC)n  96114239"}]}},{"040":{"ind1":" ","ind2":" ","subfields":[{"a":"DLC"},{"c":"DLC"}]}},{"100":{"ind1":"1","ind2":"0","subfields":[{"a":"Croddy, Eric,"},{"d":"1966-"}]}},{"670":{"ind1":" ","ind2":" ","subfields":[{"a":"Chemical and biological warfare, c1997:"},{"b":"CIP t.p. (Eric Croddy) data sheet (b. 7/6/66)"}]}}]}
{"leader":"00461nz  a2200121n  4500","fields":[{"001":"3435103"},{"005":"19950621172751.2"},{"008":"950621n| acannaab|          |n aaa |||  "},{"010":{"ind1":" ","ind2":" ","subfields":[{"a":"n  95061447 "}]}},{"035":{"ind1":" ","ind2":" ","subfields":[{"a":"(DLC)n  95061447"}]}},{"040":{"ind1":" ","ind2":" ","subfields":[{"a":"DLC"},{"c":"DLC"}]}},{"100":{"ind1":"1","ind2":"0","subfields":[{"a":"Campos, María,"},{"d":"1952-"}]}},{"670":{"ind1":" ","ind2":" ","subfields":[{"a":"El tiempo de las fiestas, 1994:"},{"b":"t.p. (María Campos) p. 4 of cover (b. 1952 in Vilacidayo, León; writes articles on ethnology and folklore for Revista de folklore and Tierras de León)"}]}}]}
{"leader":"00561nz  a2200193n  4500","fields":[{"001":"3039030"},{"005":"19920116092904.4"},{"008":"920116n| acaaaaaa|          |n ana |||  "},{"010":{"ind1":" ","ind2":" ","subfields":[{"a":"n  92004920 "}]}},{"022":{"ind1":" ","ind2":" ","subfields":[{"a":"0939-4583"}]}},{"035":{"ind1":" ","ind2":" ","subfields":[{"a":"(DLC)n  92004920"}]}},{"040":{"ind1":" ","ind2":" ","subfields":[{"a":"DLC"},{"c":"DLC"}]}},{"130":{"ind1":" ","ind2":"0","subfields":[{"a":"Kölner Musikbeiträge"}]}},{"642":{"ind1":" ","ind2":" ","subfields":[{"a":"Heft 1"},{"5":"DLC"}]}},{"643":{"ind1":" ","ind2":" ","subfields":[{"a":"Köln"},{"b":"W.G. Haas-Musikverlag"}]}},{"644":{"ind1":" ","ind2":" ","subfields":[{"a":"f"},{"5":"DLC"}]}},{"645":{"ind1":" ","ind2":" ","subfields":[{"a":"t"},{"5":"DLC"}]}},{"646":{"ind1":" ","ind2":" ","subfields":[{"a":"s"},{"5":"DLC"}]}},{"670":{"ind1":" ","ind2":" ","subfields":[{"a":"Hiller, A. Trompetenmusiken aus drei Jahrhunderten (ca. 1600-nach 1900), 1991- :"},{"b":"v. 1, t.p. (Kölner Musikbeiträge)"}]}}]}
{"leader":"02540cz  a2200301n  4500","fields":[{"001":"1784746"},{"005":"20130526123716.0"},{"008":"851127n| azannaabn          |a ana      "},{"010":{"ind1":" ","ind2":" ","subfields":[{"a":"n  85183031 "}]}},{"035":{"ind1":" ","ind2":" ","subfields":[{"a":"(OCoLC)oca01501070"}]}},{"035":{"ind1":" ","ind2":" ","subfields":[{"a":"(DLC)n  85183031"}]}},{"040":{"ind1":" ","ind2":" ","subfields":[{"a":"DLC"},{"b":"eng"},{"e":"rda"},{"c":"DLC"},{"d":"DLC"},{"d":"OCoLC"},{"d":"CSt"}]}},{"110":{"ind1":"1","ind2":" ","subfields":[{"a":"France."},{"b":"Ministère de l'instruction publique"}]}},{"410":{"ind1":"1","ind2":" ","subfields":[{"a":"France."},{"b":"Instruction publique, Ministère de l'"}]}},{"410":{"ind1":"1","ind2":" ","subfields":[{"a":"France."},{"b":"Ministère de l'instruction publique et des beaux-arts"}]}},{"410":{"ind1":"1","ind2":" ","subfields":[{"a":"France."},{"b":"Ministère de l'instruction publique et des cultes"}]}},{"410":{"ind1":"1","ind2":" ","subfields":[{"a":"France."},{"b":"Ministère de l'instruction publique, des cultes et des beaux-arts"}]}},{"410":{"ind1":"1","ind2":" ","subfields":[{"a":"France."},{"b":"Ministère de l'instruction publique, des beaux-arts et des cultes"}]}},{"510":{"ind1":"1","ind2":" ","subfields":[{"a":"France."},{"b":"Ministère de l'éducation nationale"}]}},{"510":{"ind1":"1","ind2":" ","subfields":[{"w":"r"},{"i":"Predecessor:"},{"a":"France."},{"b":"Ministère des affaires ecclésiastiques et de l'instruction publique"}]}},{"667":{"ind1":" ","ind2":" ","subfields":[{"a":"Old catalog heading: France. Ministère de l'éducation nationale."}]}},{"667":{"ind1":" ","ind2":" ","subfields":[{"a":"Heading valid 1828-1932, 1940's."}]}},{"670":{"ind1":" ","ind2":" ","subfields":[{"a":"Exploration archéologique de Délos, 1909- :"},{"b":"v. 1, t.p. (Ministère de l'instruction publique; Paris)"}]}},{"670":{"ind1":" ","ind2":" ","subfields":[{"a":"LC data base, 11-22-85"},{"b":"(hdg.: France. Ministère de l'instruction publique) LC manual cat. (hdg.: France. Ministère de l'éducation nationale; info: Ministère de l'instruction publique was estab. in 1828, being separated from the Ministère des affaires ecclésiastiques et de l'instruction publique; its name sporadically included \"et des beaux-arts\" or \"et des cultes\" until 6/3/1932 when its name was chgd to Ministère de l'éducation nationale; July 1940 it reverted to Ministère de l'instruction publique; later in 1940's it again chgd to Ministère de l'éducation nationale; usage includes also the form Ministère de l'instruction publique, des cultes et des beaux-arts (1872-1878, 1886-1887))"}]}},{"670":{"ind1":" ","ind2":" ","subfields":[{"a":"Scheil, V. Textes élamites-sémitiques, 1900- :"},{"b":"1. sér., t.p. (Ministère de l'instruction publique et des beaux-arts)"}]}},{"670":{"ind1":" ","ind2":" ","subfields":[{"a":"Bulletin trimestriel (France. Comm. de rech. et de publ. des docs. rel. à la vie écon. de la Rév.). Bull. trim., 1906:"},{"b":"t.p. (Ministère de l'instruction publique, des beaux-arts et des cultes)"}]}},{"670":{"ind1":" ","ind2":" ","subfields":[{"a":"Bulletin d'hist. écon. de la Rév., 1911:"},{"b":"t.p. (Ministère de l'instruction publique et des beaux-arts)"}]}},{"670":{"ind1":" ","ind2":" ","subfields":[{"a":"Stefani, F. Sur les origines des Bonaparte, 1859:"},{"b":"t.p. (Ministre de l'Instruction et des cultes de l'Empire français)"}]}}]}
{"leader":"00332nz  a2200121n  4500","fields":[{"001":"2330198"},{"005":"19871203063423.9"},{"008":"871020n| acannaab|          |n aaa |||  "},{"010":{"ind1":" ","ind2":" ","subfields":[{"a":"n  87904522 "}]}},{"035":{"ind1":" ","ind2":" ","subfields":[{"a":"(DLC)n  87904522"}]}},{"040":{"ind1":" ","ind2":" ","subfields":[{"a":"DLC"},{"c":"DLC"}]}},{"100":{"ind1":"1","ind2":"0","subfields":[{"a":"Lee, Debra,"},{"d":"1956-"}]}},{"670":{"ind1":" ","ind2":" ","subfields":[{"a":"Her Heartbeat, 1988:"},{"b":"CIP t.p. (Debra Lee) data sheet (b. 4-5-56)"}]}}]}
{"leader":"00434cz  a2200145n  4500","fields":[{"001":"2499653"},{"005":"20000630064654.0"},{"008":"890329n| acannaabn          |a aaa      "},{"010":{"ind1":" ","ind2":" ","subfields":[{"a":"n  88191810 "}]}},{"035":{"ind1":" ","ind2":" ","subfields":[{"a":"(OCoLC)oca02491097"}]}},{"035":{"ind1":" ","ind2":" ","subfields":[{"a":"(DLC)n  88191810"}]}},{"040":{"ind1":" ","ind2":" ","subfields":[{"a":"DLC"},{"b":"eng"},{"c":"DLC"},{"d":"OCoLC"}]}},{"100":{"ind1":"1","ind2":" ","subfields":[{"a":"Costa de Beauregard, Diane."},{"t":"Mers et océans."},{"l":"English"}]}},{"400":{"ind1":"1","ind2":" ","subfields":[{"a":"Costa de Beauregard, Diane."},{"t":"Blue planet"}]}},{"670":{"ind1":" ","ind2":" ","subfields":[{"a":"Her The blue planet, 1989."}]}}]}
{"leader":"00833cz  a2200229n  4500","fields":[{"001":"2935599"},{"005":"19960116125015.5"},{"008":"910223n| acaabaaa|          |n anc |||  "},{"010":{"ind1":" ","ind2":" ","subfields":[{"a":"n  91019084 "}]}},{"022":{"ind1":" ","ind2":" ","subfields":[{"a":"0253-2123"}]}},{"035":{"ind1":" ","ind2":" ","subfields":[{"a":"(DLC)n  91019084"}]}},{"040":{"ind1":" ","ind2":" ","subfields":[{"a":"DLC"},{"c":"DLC"},{"d":"DLC"}]}},{"130":{"ind1":" ","ind2":"0","subfields":[{"a":"Rapport économique de la Banque mondiale"}]}},{"430":{"ind1":" ","ind2":"0","subfields":[{"a":"Série Rapports économiques de la Banque mondiale"}]}},{"430":{"ind1":" ","ind2":"0","subfields":[{"a":"Rapports économiques de la Banque mondiale"}]}},{"410":{"ind1":"2","ind2":"0","subfields":[{"a":"World Bank."},{"b":"Rapport économique de la Banque mondiale"}]}},{"643":{"ind1":" ","ind2":" ","subfields":[{"a":"Washington, D.C."},{"b":"Banque mondiale"}]}},{"644":{"ind1":" ","ind2":" ","subfields":[{"a":"f"},{"5":"DLC"}]}},{"645":{"ind1":" ","ind2":" ","subfields":[{"a":"t"},{"5":"DLC"}]}},{"646":{"ind1":" ","ind2":" ","subfields":[{"a":"s"},{"5":"DLC"}]}},{"667":{"ind1":" ","ind2":" ","subfields":[{"a":"Document"}]}},{"670":{"ind1":" ","ind2":" ","subfields":[{"a":"Le Redressement de l'économie haitienne, 1990:"},{"b":"t.p. (Rapport économique de la Banque mondiale) verso t.p. (Série Rapports économiques de la Banque mondiale)"}]}}]}
{"leader":"00764cz  a2200157n  4500","fields":[{"001":"2071892"},{"005":"20140727121026.0"},{"008":"870518n| azannaabn          |a ana      "},{"010":{"ind1":" ","ind2":" ","subfields":[{"a":"n  86122142 "}]}},{"035":{"ind1":" ","ind2":" ","subfields":[{"a":"(OCoLC)oca01856585"}]}},{"035":{"ind1":" ","ind2":" ","subfields":[{"a":"(DLC)n  86122142"}]}},{"040":{"ind1":" ","ind2":" ","subfields":[{"a":"DLC"},{"b":"eng"},{"e":"rda"},{"c":"DLC"},{"d":"FU"}]}},{"110":{"ind1":"2","ind2":" ","subfields":[{"a":"Instituto Nacional de Pastoral (Catholic Church. Conferência Nacional dos Bispos do Brasil)"}]}},{"410":{"ind1":"2","ind2":" ","subfields":[{"a":"Catholic Church."},{"b":"Conferência Nacional dos Bispos do Brasil."},{"t":"Instituto Nacional de Pastoral"}]}},{"410":{"ind1":"2","ind2":" ","subfields":[{"a":"INP"}]}},{"670":{"ind1":" ","ind2":" ","subfields":[{"a":"Its Biblioteca. Ideário de sua biblioteca, 1983:"},{"b":"t.p. (Instituto Nacional de Pastoral) p. 5 (O Instituto ... (INP) e um Departamento da Conferência Nacional dos Bispos do Brasil (CNBB). Funciona ... no mesmo prédio da CNBB; Brasília)"}]}}]}
{"leader":"00386nz  a2200121n  4500","fields":[{"001":"3371652"},{"005":"19941208103251.4"},{"008":"941208n| acannaab|          |n aaa |||  "},{"010":{"ind1":" ","ind2":" ","subfields":[{"a":"n  94117931 "}]}},{"035":{"ind1":" ","ind2":" ","subfields":[{"a":"(DLC)n  94117931"}]}},{"040":{"ind1":" ","ind2":" ","subfields":[{"a":"DLC"},{"c":"DLC"}]}},{"100":{"ind1":"1","ind2":"0","subfields":[{"a":"Arvaniti, Amalia"}]}},{"670":{"ind1":" ","ind2":" ","subfields":[{"a":"Phonology and phonetic evidence, 1995:"},{"b":"CIP t.p. (Amalia Arvaniti, res. assoc., Dept. of Linguistics, Univ. of Edinburgh)"}]}}]}
{"leader":"00396cz  a2200121n  4500","fields":[{"001":"2369732"},{"005":"19900226162825.6"},{"008":"900213n| acannaab|          |n aaa ||| b"},{"010":{"ind1":" ","ind2":" ","subfields":[{"a":"n  88008463 "}]}},{"035":{"ind1":" ","ind2":" ","subfields":[{"a":"(DLC)n  88008463"}]}},{"040":{"ind1":" ","ind2":" ","subfields":[{"a":"DNLM"},{"c":"DLC"},{"d":"DLC"}]}},{"100":{"ind1":"1","ind2":"0","subfields":[{"a":"Bickerton, Nigel"}]}},{"670":{"ind1":" ","ind2":" ","subfields":[{"a":"His GIFT workshop manual, 1989?:"},{"b":"contents p. (Mr. Nigel Bickerton, MRCOG, research fellow, Billinge Hosp., nr Wigan, Lancs.)"}]}}]}
{"leader":"00513cz  a2200145n  4500","fields":[{"001":"3470929"},{"005":"20001104071415.0"},{"008":"951019n| acannaabn          |a aaa      "},{"010":{"ind1":" ","ind2":" ","subfields":[{"a":"n  95103103 "}]}},{"035":{"ind1":" ","ind2":" ","subfields":[{"a":"(OCoLC)oca03942035"}]}},{"035":{"ind1":" ","ind2":" ","subfields":[{"a":"(DLC)n  95103103"}]}},{"040":{"ind1":" ","ind2":" ","subfields":[{"a":"DLC"},{"b":"eng"},{"c":"DLC"},{"d":"OCoLC"}]}},{"100":{"ind1":"1","ind2":" ","subfields":[{"a":"Félix Rubio, Jesús Armando"}]}},{"400":{"ind1":"1","ind2":" ","subfields":[{"a":"Rubio, Jesús Armando Félix"}]}},{"670":{"ind1":" ","ind2":" ","subfields":[{"a":"Vision estrategica del desarrollo ... 1995:"},{"b":"prel. p. (Jesús Armando Félix Rubio; Sec. de Planeación del Desarrollo y Gasto Público)"}]}}]}
{"leader":"00535cz  a2200145n  4500","fields":[{"001":"2047165"},{"005":"19901106155403.8"},{"008":"861029n| acannaab|          |a aaa |||  "},{"010":{"ind1":" ","ind2":" ","subfields":[{"a":"n  86091502 "}]}},{"035":{"ind1":" ","ind2":" ","subfields":[{"a":"(DLC)n  86091502"}]}},{"040":{"ind1":" ","ind2":" ","subfields":[{"a":"DLC"},{"c":"DLC"},{"d":"DLC"}]}},{"100":{"ind1":"1","ind2":"0","subfields":[{"a":"Bratziōtē, Lousē"}]}},{"400":{"ind1":"1","ind2":"0","subfields":[{"a":"Braggiotti, Lucy"}]}},{"670":{"ind1":" ","ind2":" ","subfields":[{"a":"Hē Hellēnikē viomēchania apo ton 19o ston 20o aiōna, 1985:"},{"b":"verso of t.p. (Lousē Bratziōtē)"}]}},{"670":{"ind1":" ","ind2":" ","subfields":[{"a":"Hē Hellēnikē gynaikeia phoresia ... 1985:"},{"b":"p. opp. t.p. (Lousē Bratziōtē, Lucy Braggiotti)"}]}}]}
{"leader":"00526nz  a2200121n  4500","fields":[{"001":"3421091"},{"005":"19950508131342.9"},{"008":"950508n| acannaab|          |n ana |||  "},{"010":{"ind1":" ","ind2":" ","subfields":[{"a":"n  95045367 "}]}},{"035":{"ind1":" ","ind2":" ","subfields":[{"a":"(DLC)n  95045367"}]}},{"040":{"ind1":" ","ind2":" ","subfields":[{"a":"DLC"},{"c":"DLC"}]}},{"110":{"ind1":"2","ind2":"0","subfields":[{"a":"Friends for Newcomb"}]}},{"670":{"ind1":" ","ind2":" ","subfields":[{"a":"NUCMC data from Newcomb College, Center for Research on Women (New Orleans, La.) for Its Records, ca. 1986-1987"},{"b":"(Friends for Newcomb; alumnae of Newcomb College who organized in January 1987 to oppose the possible absorption of Newcomb by Tulane University)"}]}}]}
{"leader":"00592cz  a2200145n  4500","fields":[{"001":"2366217"},{"005":"19890215080547.7"},{"008":"881230n| acannaab|          |a aaa |||  "},{"010":{"ind1":" ","ind2":" ","subfields":[{"a":"n  88003207 "}]}},{"035":{"ind1":" ","ind2":" ","subfields":[{"a":"(DLC)n  88003207"}]}},{"040":{"ind1":" ","ind2":" ","subfields":[{"a":"DLC"},{"c":"DLC"}]}},{"100":{"ind1":"1","ind2":"0","subfields":[{"a":"Kozlova, N. I︠U︡."},{"q":"(Nina I︠U︡rʹevna)"}]}},{"400":{"ind1":"1","ind2":"0","subfields":[{"a":"Kozlova, Nina I︠U︡rʹevna"}]}},{"670":{"ind1":" ","ind2":" ","subfields":[{"a":"Her Burzhuaznye uchenii︠a︡ o federalizme XVIII-XIX vv., 1988:"},{"b":"t.p. (N.I︠U︡. Kozlova) colophon (Kozlova Nina I︠U︡rʹevna)"}]}},{"670":{"ind1":" ","ind2":" ","subfields":[{"a":"LC data base, 12-19-88"},{"b":"(MLC hdg.: Kozlova, Nina I︠U︡rʹevna; usage: Nina I︠U︡rʹevna Kozlova)"}]}}]}
{"leader":"00681nz  a2200169n  4500","fields":[{"001":"1768465"},{"005":"19851118071352.7"},{"008":"851024n| acannaab|          |a aaa |||  "},{"010":{"ind1":" ","ind2":" ","subfields":[{"a":"n  85159556 "}]}},{"035":{"ind1":" ","ind2":" ","subfields":[{"a":"(DLC)n  85159556"}]}},{"040":{"ind1":" ","ind2":" ","subfields":[{"a":"DLC"},{"c":"DLC"},{"d":"DLC"}]}},{"100":{"ind1":"1","ind2":"0","subfields":[{"a":"Lapin̦a, I."}]}},{"400":{"ind1":"1","ind2":"0","subfields":[{"w":"nna"},{"a":"Lapin̦a, Ilga"}]}},{"400":{"ind1":"1","ind2":"0","subfields":[{"a":"Lapinʹ, Ilga Martynovna"}]}},{"400":{"ind1":"1","ind2":"0","subfields":[{"a":"Lapini︠a︡, I. M."},{"q":"(Ilga Martynovna)"}]}},{"670":{"ind1":" ","ind2":" ","subfields":[{"a":"Zagri︠a︡znenie prirod. sredy kalʹt︠s︡iĭsoder. pylʹiu, 1985:"},{"b":"verso t.p. (I. M. Lapini︠a︡) p. 221 (Lapin̦a I. M.)"}]}},{"670":{"ind1":" ","ind2":" ","subfields":[{"a":"LC data base, 10-18-85"},{"b":"(hdg.: Lapin̦a, Ilga; usage: I. Lapin̦a) LC manual cat. (usage: I. Lapin̦a; variant: Ilga Martynovna Lapinʹ)"}]}}]}
{"leader":"00406nz  a2200133n  4500","fields":[{"001":"2420224"},{"005":"19880517132904.5"},{"008":"880303n| acannaab|          |a aaa |||  "},{"010":{"ind1":" ","ind2":" ","subfields":[{"a":"n  88074154 "}]}},{"035":{"ind1":" ","ind2":" ","subfields":[{"a":"(DLC)n  88074154"}]}},{"040":{"ind1":" ","ind2":" ","subfields":[{"a":"DLC"},{"c":"DLC"},{"d":"DLC"}]}},{"100":{"ind1":"1","ind2":"0","subfields":[{"a":"Raspail, Jean."},{"t":"Qui se souvient des hommes."},{"l":"English"}]}},{"400":{"ind1":"1","ind2":"0","subfields":[{"a":"Raspail, Jean."},{"t":"Who will remember the people"}]}},{"670":{"ind1":" ","ind2":" ","subfields":[{"a":"His Who will remember the people, 1988."}]}}]}
{"leader":"00322nz  a2200121n  4500","fields":[{"001":"3124042"},{"005":"19921009141105.4"},{"008":"921009n| acannaab|          |n aaa |||  "},{"010":{"ind1":" ","ind2":" ","subfields":[{"a":"n  92100852 "}]}},{"035":{"ind1":" ","ind2":" ","subfields":[{"a":"(DLC)n  92100852"}]}},{"040":{"ind1":" ","ind2":" ","subfields":[{"a":"DLC"},{"c":"DLC"}]}},{"100":{"ind1":"1","ind2":"0","subfields":[{"a":"Slave, Elena"}]}},{"670":{"ind1":" ","ind2":" ","subfields":[{"a":"Her Metafora în limba română, 1991:"},{"b":"t.p. (Elena Slave)"}]}}]}
{"leader":"00900cz  a2200217n  4500","fields":[{"001":"3566168"},{"005":"20080907175956.0"},{"008":"960814n| acannaabn          |b aac      "},{"010":{"ind1":" ","ind2":" ","subfields":[{"a":"n  96078729 "}]}},{"035":{"ind1":" ","ind2":" ","subfields":[{"a":"(OCoLC)oca04141058"}]}},{"035":{"ind1":" ","ind2":" ","subfields":[{"a":"(DLC)n  96078729"}]}},{"040":{"ind1":" ","ind2":" ","subfields":[{"a":"DLC"},{"b":"eng"},{"c":"DLC"},{"d":"DLC"},{"d":"NIC"},{"d":"OCoLC"}]}},{"100":{"ind1":"1","ind2":" ","subfields":[{"a":"Lënngren, Tamara"}]}},{"400":{"ind1":"1","ind2":" ","subfields":[{"a":"Lönngren, Tamara"}]}},{"400":{"ind1":"1","ind2":" ","subfields":[{"a":"Lënngren, T. P."},{"q":"(Tamara Pavlovna)"}]}},{"400":{"ind1":"1","ind2":" ","subfields":[{"a":"Zinchenko, Tamara Pavlovna Lënngren"}]}},{"400":{"ind1":"1","ind2":" ","subfields":[{"a":"Лённгрен, Тамара"}]}},{"667":{"ind1":" ","ind2":" ","subfields":[{"a":"Machine-derived non-Latin script reference project."}]}},{"667":{"ind1":" ","ind2":" ","subfields":[{"a":"Non-Latin script reference not evaluated."}]}},{"670":{"ind1":" ","ind2":" ","subfields":[{"a":"Leksika russkikh staroobri︠a︡dcheskikh govorov, 1994:"},{"b":"t.p. (Tamara Lënngren) verso t.p. (Tamara Lönngren)"}]}},{"670":{"ind1":" ","ind2":" ","subfields":[{"a":"Sbornik Nila Sorskogo, 2000:"},{"b":"ch. 1, t.p. (T.P. Lënngren) p. 473 (Tamara Pavlovna Lënngren (Zinchenko); rodilasʹ v 1953 godu)"}]}}]}
{"leader":"01217cz  a2200241n  4500","fields":[{"001":"2874920"},{"005":"20151025093418.0"},{"008":"900808n| azannaabn          |a ana      "},{"010":{"ind1":" ","ind2":" ","subfields":[{"a":"n  90679565 "}]}},{"035":{"ind1":" ","ind2":" ","subfields":[{"a":"(Uk)002607641"}]}},{"035":{"ind1":" ","ind2":" ","subfields":[{"a":"(DLC)n  90679565"}]}},{"040":{"ind1":" ","ind2":" ","subfields":[{"a":"DLC"},{"b":"eng"},{"e":"rda"},{"c":"DLC"},{"d":"DLC-S"},{"d":"Uk"}]}},{"110":{"ind1":"2","ind2":" ","subfields":[{"a":"Fonds zur Förderung der Wissenschaftlichen Forschung (Austria)"}]}},{"368":{"ind1":" ","ind2":" ","subfields":[{"a":"Learned institutions and societies"},{"2":"lcsh"}]}},{"370":{"ind1":" ","ind2":" ","subfields":[{"e":"Austria"},{"2":"naf"}]}},{"410":{"ind1":"2","ind2":" ","subfields":[{"a":"FWF"}]}},{"410":{"ind1":"2","ind2":" ","subfields":[{"a":"Austrian Science Fund"}]}},{"410":{"ind1":"2","ind2":" ","subfields":[{"a":"Fond spryi︠a︡nni︠a︡ naukovym doslidz︠h︡enni︠a︡m"}]}},{"670":{"ind1":" ","ind2":" ","subfields":[{"a":"Fuchs, G. Archäologische Landesaufnahme und digitaler Fundkataster für Steiermark, 1988:"},{"b":"t.p. (Fonds zur Förderung der Wissenschaftlichen Forschung)"}]}},{"670":{"ind1":" ","ind2":" ","subfields":[{"a":"Its Jahresbericht, 1988:"},{"b":"t.p. (FWF) cover (Fonds zur Förderung der Wissenschaftlichen Forschung)"}]}},{"670":{"ind1":" ","ind2":" ","subfields":[{"a":"Rapid environmental/climate changes ... 2009:"},{"b":"t.p. (Austrian Science Fund FWF)"}]}},{"670":{"ind1":" ","ind2":" ","subfields":[{"a":"Ukraïnsʹka inteligent︠s︡ii︠a︡ u Habsburzʹkiĭ Halychyni, 2014:"},{"b":"p.2 (Fond spryi︠a︡nni︠a︡ naukovym doslidz︠h︡enni︠a︡m (FWF))"}]}},{"675":{"ind1":" ","ind2":" ","subfields":[{"a":"Os̈terr. Amtskal., 1989/90;"},{"a":"Handb. d. öffent. Lebens in Österr., 1976."}]}}]}
{"leader":"00577cz  a2200169n  4500","fields":[{"001":"1796030"},{"005":"20081130193718.0"},{"008":"850820n| acannaabn          |a aaa     c"},{"010":{"ind1":" ","ind2":" ","subfields":[{"a":"n  85196819 "}]}},{"035":{"ind1":" ","ind2":" ","subfields":[{"a":"(OCoLC)oca01394675"}]}},{"035":{"ind1":" ","ind2":" ","subfields":[{"a":"(DLC)n  85196819"}]}},{"040":{"ind1":" ","ind2":" ","subfields":[{"a":"InU"},{"b":"eng"},{"c":"DLC"},{"d":"DLC"},{"d":"OCoLC"}]}},{"100":{"ind1":"1","ind2":" ","subfields":[{"a":"Hildebrand, Friedrich,"},{"d":"1645-1688"}]}},{"400":{"ind1":"1","ind2":" ","subfields":[{"a":"Hildebrandus, Fridericus,"},{"d":"1645-1688"}]}},{"670":{"ind1":" ","ind2":" ","subfields":[{"a":"His Antiquitates potissimum Romanae ... 1673:"},{"b":"t.p. (... Friderici Hildebrandi)"}]}},{"670":{"ind1":" ","ind2":" ","subfields":[{"a":"NUC pre-1956"},{"b":"(Hildebrand, Friedrich, 1645-1688)"}]}},{"675":{"ind1":" ","ind2":" ","subfields":[{"a":"Kosch, W. Deutsches lit.-lex."}]}}]}
{"leader":"00392nz  a2200133n  4500","fields":[{"001":"1903324"},{"005":"19860305155037.4"},{"008":"851217n| acannaab|          |a aaa |||  "},{"010":{"ind1":" ","ind2":" ","subfields":[{"a":"n  85334192 "}]}},{"035":{"ind1":" ","ind2":" ","subfields":[{"a":"(DLC)n  85334192"}]}},{"040":{"ind1":" ","ind2":" ","subfields":[{"a":"DLC"},{"c":"DLC"},{"d":"DLC"}]}},{"100":{"ind1":"1","ind2":"0","subfields":[{"a":"Boyd, Candy Dawson."},{"t":"Breadsticks and blessing places"}]}},{"400":{"ind1":"1","ind2":"0","subfields":[{"a":"Boyd, Candy Dawson."},{"t":"Forever friends"}]}},{"670":{"ind1":" ","ind2":" ","subfields":[{"a":"Her Forever friends, 1986, c1985."}]}}]}
{"leader":"01067cz  a2200205n  4500","fields":[{"001":"2945786"},{"005":"20080921215856.0"},{"008":"910328n| acannaabn          |b ana      "},{"010":{"ind1":" ","ind2":" ","subfields":[{"a":"n  91030632 "}]}},{"035":{"ind1":" ","ind2":" ","subfields":[{"a":"(OCoLC)oca02920170"}]}},{"035":{"ind1":" ","ind2":" ","subfields":[{"a":"(DLC)n  91030632"}]}},{"040":{"ind1":" ","ind2":" ","subfields":[{"a":"DLC"},{"b":"eng"},{"c":"DLC"},{"d":"DLC"},{"d":"OCoLC"}]}},{"110":{"ind1":"2","ind2":" ","subfields":[{"a":"Vsesoi︠u︡znoe obshchestvo gelʹmintologov imeni K.I. Skri︠a︡bina"}]}},{"410":{"ind1":"2","ind2":" ","subfields":[{"a":"Akademii︠a︡ nauk SSSR."},{"b":"Vsesoi︠u︡znoe obshchestvo gelʹmintologov imeni K.I. Skri︠a︡bina"}]}},{"410":{"ind1":"2","ind2":" ","subfields":[{"a":"Всесоюзное общество гельминтологов имени К.И. Скрябина"}]}},{"510":{"ind1":"2","ind2":" ","subfields":[{"w":"a"},{"a":"Vsesoi︠u︡znoe obshchestvo gelʹmintologov (Soviet Union)"}]}},{"667":{"ind1":" ","ind2":" ","subfields":[{"a":"Machine-derived non-Latin script reference project."}]}},{"667":{"ind1":" ","ind2":" ","subfields":[{"a":"Non-Latin script reference not evaluated."}]}},{"670":{"ind1":" ","ind2":" ","subfields":[{"a":"Aktualʹnye problemy gelʹmintologii, 1989:"},{"b":"t.p. (Akademii︠a︡ nauk SSSR. Vsesoi︠u︡znoe obshchestvo gelʹmintologov imeni K.I. Skri︠a︡bina)"}]}},{"675":{"ind1":" ","ind2":" ","subfields":[{"a":"LC data base, 03-28-91 (Vsesoi︠u︡znoe obshchestvo gelʹmintologov (Soviet Union))"}]}}]}
{"leader":"00496nz  a2200133n  4500","fields":[{"001":"2844640"},{"005":"19900517115124.2"},{"008":"900517n| acannaab|          |a ana |||  "},{"010":{"ind1":" ","ind2":" ","subfields":[{"a":"n  90645849 "}]}},{"035":{"ind1":" ","ind2":" ","subfields":[{"a":"(DLC)n  90645849"}]}},{"040":{"ind1":" ","ind2":" ","subfields":[{"a":"DLC"},{"c":"DLC"}]}},{"110":{"ind1":"2","ind2":"0","subfields":[{"a":"Haut Commissariat à la recherche de la République centrafricaine"}]}},{"410":{"ind1":"1","ind2":"0","subfields":[{"a":"Central African Republic."},{"b":"Haut Commissariat à la recherche"}]}},{"670":{"ind1":" ","ind2":" ","subfields":[{"a":"Bangui, 1889-1989, 1989:"},{"b":"t.p. (Haut Commissariat à la recherche de la République centrafricaine)"}]}}]}
{"leader":"00321nz  a2200121n  4500","fields":[{"001":"3499327"},{"005":"19960111101708.4"},{"008":"960111n| acannaab|          |n aaa |||  "},{"010":{"ind1":" ","ind2":" ","subfields":[{"a":"n  96001851 "}]}},{"035":{"ind1":" ","ind2":" ","subfields":[{"a":"(DLC)n  96001851"}]}},{"040":{"ind1":" ","ind2":" ","subfields":[{"a":"DLC"},{"c":"DLC"}]}},{"100":{"ind1":"1","ind2":"0","subfields":[{"a":"Brick, Philip D."}]}},{"670":{"ind1":" ","ind2":" ","subfields":[{"a":"A wolf in the garden, c1996:"},{"b":"CIP t.p. (Philip D. Brick)"}]}}]}
{"leader":"00440cz  a2200133n  4500","fields":[{"001":"3482140"},{"005":"20161204112722.0"},{"008":"951204n| azannaabn          |a aaa      "},{"010":{"ind1":" ","ind2":" ","subfields":[{"a":"n  95116174 "}]}},{"035":{"ind1":" ","ind2":" ","subfields":[{"a":"(DLC)n  95116174"}]}},{"040":{"ind1":" ","ind2":" ","subfields":[{"a":"DLC"},{"b":"eng"},{"e":"rda"},{"c":"DLC"},{"d":"DLC"}]}},{"100":{"ind1":"1","ind2":" ","subfields":[{"a":"Obregón, Álvaro,"},{"d":"1880-1928."},{"t":"Speeches"}]}},{"400":{"ind1":"1","ind2":" ","subfields":[{"a":"Obregón, Álvaro,"},{"d":"1880-1928."},{"t":"Discursos del general Alvaro Obregón"}]}},{"670":{"ind1":" ","ind2":" ","subfields":[{"a":"Discursos del general Alvaro Obregón, 1932."}]}}]}
{"leader":"00366nz  a2200121n  4500","fields":[{"001":"2327013"},{"005":"19880205060641.0"},{"008":"871029n| acannaab|          |n aaa ||| c"},{"010":{"ind1":" ","ind2":" ","subfields":[{"a":"n  87899349 "}]}},{"035":{"ind1":" ","ind2":" ","subfields":[{"a":"(DLC)n  87899349"}]}},{"040":{"ind1":" ","ind2":" ","subfields":[{"a":"NjP"},{"c":"DLC"}]}},{"100":{"ind1":"1","ind2":"0","subfields":[{"a":"Brédo, Hans,"},{"d":"1903-"}]}},{"670":{"ind1":" ","ind2":" ","subfields":[{"a":"Harroy, J. P. La lutte antiacridienne et Hans Brédo, 1985:"},{"b":"p. 23 (b. 1903 in Duffel, Belgium)"}]}}]}
{"leader":"01036cz  a2200157n  4500","fields":[{"001":"1894968"},{"005":"19940624055559.8"},{"008":"871105n| acannaab|          |a ana     c"},{"010":{"ind1":" ","ind2":" ","subfields":[{"a":"n  85323529 "}]}},{"035":{"ind1":" ","ind2":" ","subfields":[{"a":"(DLC)n  85323529"}]}},{"040":{"ind1":" ","ind2":" ","subfields":[{"a":"DGPO"},{"c":"DLC"},{"d":"DLC"},{"d":"NIC"}]}},{"110":{"ind1":"2","ind2":"0","subfields":[{"a":"National Institute of Mental Health (U.S.)."},{"b":"Division of Clinical Research."},{"b":"Schizophrenia Research Branch"}]}},{"510":{"ind1":"2","ind2":"0","subfields":[{"w":"b"},{"a":"National Institute of Mental Health (U.S.)."},{"b":"Division of Clinical and Treatment Research."},{"b":"Schizophrenia Research Branch"}]}},{"670":{"ind1":" ","ind2":" ","subfields":[{"a":"Schizophrenia, questions and answers, 1986:"},{"b":"t.p. (U.S. Dept. of Health and Human Services, Public Health Service, Alcohol, Drug Abuse, and Mental Health Administration, National Institute of Mental Health, Division of Clinical Research, Schizophrenia Research Branch)"}]}},{"670":{"ind1":" ","ind2":" ","subfields":[{"a":"Phone call to NIMH, 10-23-87"},{"b":"(organization hierarchy and names confirmed)"}]}},{"675":{"ind1":" ","ind2":" ","subfields":[{"a":"Special report: Schizophrenia, 1993: t.p. (National Institute of Mental Health, Division of Clinical and Treatment Research, Schizophrenia Research Branch"}]}}]}
{"leader":"00373cz  a2200133n  4500","fields":[{"001":"1785148"},{"005":"20080629161547.0"},{"008":"851104n| acannaabn          |n aaa      "},{"010":{"ind1":" ","ind2":" ","subfields":[{"a":"n  85183508 "}]}},{"035":{"ind1":" ","ind2":" ","subfields":[{"a":"(OCoLC)oca01494055"}]}},{"035":{"ind1":" ","ind2":" ","subfields":[{"a":"(DLC)n  85183508"}]}},{"040":{"ind1":" ","ind2":" ","subfields":[{"a":"DLC"},{"b":"eng"},{"c":"DLC"},{"d":"OCoLC"}]}},{"100":{"ind1":"1","ind2":" ","subfields":[{"a":"Kyle, Susan Schauble"}]}},{"670":{"ind1":" ","ind2":" ","subfields":[{"a":"Lewis, J.F. John Lewis, 1985:"},{"b":"t.p. (Susan Schauble Kyle)"}]}}]}
{"leader":"00306nz  a2200121n  4500","fields":[{"001":"3572018"},{"005":"19960904110520.4"},{"008":"960904n| acannaab|          |n aaa |||  "},{"010":{"ind1":" ","ind2":" ","subfields":[{"a":"n  96085408 "}]}},{"035":{"ind1":" ","ind2":" ","subfields":[{"a":"(DLC)n  96085408"}]}},{"040":{"ind1":" ","ind2":" ","subfields":[{"a":"DLC"},{"c":"DLC"}]}},{"100":{"ind1":"1","ind2":"0","subfields":[{"a":"Black, S. Jason"}]}},{"670":{"ind1":" ","ind2":" ","subfields":[{"a":"Urban voodoo, 1995:"},{"b":"t.p. (S. Jason Black)"}]}}]}
{"leader":"00314nz  a2200121n  4500","fields":[{"001":"3050654"},{"005":"19920219172233.1"},{"008":"920219n| acannaab|          |n aaa |||  "},{"010":{"ind1":" ","ind2":" ","subfields":[{"a":"n  92017954 "}]}},{"035":{"ind1":" ","ind2":" ","subfields":[{"a":"(DLC)n  92017954"}]}},{"040":{"ind1":" ","ind2":" ","subfields":[{"a":"DLC"},{"c":"DLC"}]}},{"100":{"ind1":"1","ind2":"0","subfields":[{"a":"Cliff, Laura W."}]}},{"670":{"ind1":" ","ind2":" ","subfields":[{"a":"Her Hathorn/Harthorn, 1986:"},{"b":"t.p. (Laura W. Cliff)"}]}}]}
{"leader":"00786cz  a2200157n  4500","fields":[{"001":"2449613"},{"005":"20000928140203.0"},{"008":"880111n| acannaabn          |a ana |||  "},{"010":{"ind1":" ","ind2":" ","subfields":[{"a":"n  88117266 "}]}},{"035":{"ind1":" ","ind2":" ","subfields":[{"a":"(OCoLC)oca02178458"}]}},{"035":{"ind1":" ","ind2":" ","subfields":[{"a":"(DLC)n  88117266"}]}},{"040":{"ind1":" ","ind2":" ","subfields":[{"a":"DLC"},{"b":"eng"},{"c":"DLC"},{"d":"DLC"},{"d":"OCoLC"},{"d":"DLC"}]}},{"110":{"ind1":"1","ind2":" ","subfields":[{"a":"Portugal."},{"t":"Decreto-lei no. 235/86"}]}},{"410":{"ind1":"1","ind2":" ","subfields":[{"a":"Portugal."},{"t":"Manual de execução de empreitadas"}]}},{"670":{"ind1":" ","ind2":" ","subfields":[{"a":"Silva, J.A. da. Regime jurídico das empreitadas de obras públicas, 1987:"},{"b":"t.p. (Decreto-lei no. 235/86, de 18 de agosto) p. 13 (replaces and consolidates Decreto-lei no. 48,871, de fevereiro de 1969 and various others) p. 610 (prom. 7/29/86)"}]}},{"670":{"ind1":" ","ind2":" ","subfields":[{"a":"Its Manual de execução de empreitadas, 1987:"},{"b":"t.p. (novo regime jurídico (Decreto-lei no. 235/86, de 18 de agosto)"}]}}]}
{"leader":"00695cz  a2200229n  4500","fields":[{"001":"2123671"},{"005":"20080408195403.0"},{"008":"880603n| acaaaaaan          |a ana      "},{"010":{"ind1":" ","ind2":" ","subfields":[{"a":"n  86743866 "}]}},{"035":{"ind1":" ","ind2":" ","subfields":[{"a":"(OCoLC)oca02292250"}]}},{"035":{"ind1":" ","ind2":" ","subfields":[{"a":"(DLC)n  86743866"}]}},{"040":{"ind1":" ","ind2":" ","subfields":[{"a":"DLC"},{"b":"eng"},{"c":"DLC"},{"d":"DLC"},{"d":"OCoLC"}]}},{"050":{"ind1":" ","ind2":" ","subfields":[{"a":"D442"},{"b":".S44"}]}},{"130":{"ind1":" ","ind2":"0","subfields":[{"a":"Sekai no konmyōnichi"}]}},{"430":{"ind1":" ","ind2":"0","subfields":[{"a":"Sekai no konmyōnichi sōsho"}]}},{"642":{"ind1":" ","ind2":" ","subfields":[{"a":"dai 16-kan"},{"5":"DLC"}]}},{"643":{"ind1":" ","ind2":" ","subfields":[{"a":"Tōkyō"},{"b":"Heibonsha"}]}},{"644":{"ind1":" ","ind2":" ","subfields":[{"a":"f"},{"5":"DLC"}]}},{"645":{"ind1":" ","ind2":" ","subfields":[{"a":"t"},{"5":"DLC"}]}},{"646":{"ind1":" ","ind2":" ","subfields":[{"a":"c"},{"5":"DLC"}]}},{"670":{"ind1":" ","ind2":" ","subfields":[{"a":"Nakahira, A. Sōgō sekai gensei zukan, 1933:"},{"b":"t.p."}]}},{"670":{"ind1":" ","ind2":" ","subfields":[{"a":"Mitsukawa, K. Taiheiyō oyobi Gōshū, 1933:"},{"b":"colophon (Sekai no konmyōnichi sōsho)"}]}}]}
{"leader":"00712nz  a2200205n  4500","fields":[{"001":"3543133"},{"005":"19960528124059.9"},{"008":"960528n| acaaaaaa|          |a ana ||| c"},{"010":{"ind1":" ","ind2":" ","subfields":[{"a":"n  96052368 "}]}},{"035":{"ind1":" ","ind2":" ","subfields":[{"a":"(DLC)n  96052368"}]}},{"040":{"ind1":" ","ind2":" ","subfields":[{"a":"CU"},{"c":"CU"}]}},{"130":{"ind1":" ","ind2":"0","subfields":[{"a":"Bonner Poetik-Vorlesung"}]}},{"430":{"ind1":" ","ind2":"0","subfields":[{"a":"Politik, Sprache, Poesie"}]}},{"410":{"ind1":"2","ind2":"0","subfields":[{"a":"Haus der Sprache und Literatur (Bonn, Germany)"},{"t":".Bonner Poetik-Vorlesung"}]}},{"642":{"ind1":" ","ind2":" ","subfields":[{"a":"Bd. 1"},{"5":"DLC"},{"5":"CU"}]}},{"643":{"ind1":" ","ind2":" ","subfields":[{"a":"Göttingen"},{"b":"Wallstein"}]}},{"644":{"ind1":" ","ind2":" ","subfields":[{"a":"f"},{"5":"DLC"},{"5":"CU"}]}},{"645":{"ind1":" ","ind2":" ","subfields":[{"a":"t"},{"5":"DLC"},{"5":"CU"}]}},{"646":{"ind1":" ","ind2":" ","subfields":[{"a":"s"},{"5":"DLC"},{"5":"CU"}]}},{"670":{"ind1":" ","ind2":" ","subfields":[{"a":"Von hoher und niedriger Literatur, c1996:"},{"b":"ser. t.p. (Bonner Poetik-Vorlesung; subtitle: Politik, Sprache, Poesie; publ. by Haus der Sprache und Literatur, Bonn)"}]}}]}
{"leader":"00586cz  a2200169n  4500","fields":[{"001":"1779849"},{"005":"20080831175131.0"},{"008":"850913n| acannaabn          |b ana      "},{"010":{"ind1":" ","ind2":" ","subfields":[{"a":"n  85176917 "}]}},{"035":{"ind1":" ","ind2":" ","subfields":[{"a":"(OCoLC)oca01423773"}]}},{"035":{"ind1":" ","ind2":" ","subfields":[{"a":"(DLC)n  85176917"}]}},{"040":{"ind1":" ","ind2":" ","subfields":[{"a":"DLC"},{"b":"eng"},{"c":"DLC"},{"d":"OCoLC"},{"d":"DLC"},{"d":"OCoLC"}]}},{"110":{"ind1":"1","ind2":" ","subfields":[{"a":"Chŏlla-namdo (Korea)."},{"b":"Munhwajaekwa"}]}},{"410":{"ind1":"1","ind2":" ","subfields":[{"a":"全羅南道 (Korea)."},{"b":"文化財課"}]}},{"667":{"ind1":" ","ind2":" ","subfields":[{"a":"Machine-derived non-Latin script reference project."}]}},{"667":{"ind1":" ","ind2":" ","subfields":[{"a":"Non-Latin script reference not evaluated."}]}},{"670":{"ind1":" ","ind2":" ","subfields":[{"a":"Munhwajae torok, 1981:"},{"b":"colophon (Chŏlla-namdo, Munhwajaekwa)"}]}}]}
{"leader":"01208cz  a2200229n  4500","fields":[{"001":"2430118"},{"005":"20131006123127.0"},{"008":"890516n| azannaabn          |a ana      "},{"010":{"ind1":" ","ind2":" ","subfields":[{"a":"n  88087977 "}]}},{"035":{"ind1":" ","ind2":" ","subfields":[{"a":"(OCoLC)oca02525268"}]}},{"035":{"ind1":" ","ind2":" ","subfields":[{"a":"(DLC)n  88087977"}]}},{"040":{"ind1":" ","ind2":" ","subfields":[{"a":"DNLM"},{"b":"eng"},{"c":"DLC"},{"e":"rda"},{"d":"DNLM"}]}},{"046":{"ind1":" ","ind2":" ","subfields":[{"s":"1977"}]}},{"110":{"ind1":"2","ind2":" ","subfields":[{"a":"NIH Consensus Development Program"}]}},{"410":{"ind1":"2","ind2":" ","subfields":[{"a":"National Institutes of Health Consensus Development Program"}]}},{"410":{"ind1":"2","ind2":" ","subfields":[{"a":"National Institutes of Health (U.S.)."},{"b":"NIH Consensus Development Program"}]}},{"410":{"ind1":"2","ind2":" ","subfields":[{"a":"N.I.H. Consensus Development Program"}]}},{"410":{"ind1":"2","ind2":" ","subfields":[{"a":"Consensus Development Program (National Institutes of Health (U.S.))"}]}},{"410":{"ind1":"2","ind2":" ","subfields":[{"a":"CDP (NIH Consensus Development Program)"}]}},{"410":{"ind1":"2","ind2":" ","subfields":[{"a":"C.D.P. (NIH Consensus Development Program)"}]}},{"670":{"ind1":" ","ind2":" ","subfields":[{"a":"Changing medical practice through technology assessment, 1989:"},{"b":"CIP t.p. (NIH Consensus Development Program) galleys (National Institutes of Health (NIH) Consensus Development Program; Consensus Development Program; began 1977)"}]}},{"670":{"ind1":" ","ind2":" ","subfields":[{"a":"Medical record abstraction forms for assessing compliance with NIH consensus conference recommendations, 1987:"},{"b":"pref. (National Institutes of Health (NIH) Consensus Development Program (CDP))"}]}}]}
{"leader":"00608cz  a2200169n  4500","fields":[{"001":"1801604"},{"005":"20000608095021.0"},{"008":"851007n| acannaab           |a aaa      "},{"010":{"ind1":" ","ind2":" ","subfields":[{"a":"n  85203991 "}]}},{"035":{"ind1":" ","ind2":" ","subfields":[{"a":"(DLC)n  85203991"}]}},{"040":{"ind1":" ","ind2":" ","subfields":[{"a":"DLC"},{"c":"DLC"},{"d":"DLC"}]}},{"100":{"ind1":"1","ind2":"0","subfields":[{"a":"Moore, Pamela Rosewell"}]}},{"400":{"ind1":"1","ind2":"0","subfields":[{"w":"nna"},{"a":"Rosewell, Pamela"}]}},{"400":{"ind1":"1","ind2":" ","subfields":[{"a":"Moore, Pam Rosewell"}]}},{"670":{"ind1":" ","ind2":" ","subfields":[{"a":"Her The five silent years, c1986:"},{"b":"CIP t.p. (Pamela Rosewell)"}]}},{"670":{"ind1":" ","ind2":" ","subfields":[{"a":"Her Safer than a known way, c1988:"},{"b":"CIP t.p. (Pamela Rosewell Moore)"}]}},{"670":{"ind1":" ","ind2":" ","subfields":[{"a":"When spring comes late, 2000:"},{"b":"CIP t.p. (Pam Rosewell Moore) data sheet (Pamela Rosewell Moore)"}]}}]}
{"leader":"00532nz  a2200145n  4500","fields":[{"001":"2301508"},{"005":"19870909174758.2"},{"008":"870813n| acannaab|          |a ana |||  "},{"010":{"ind1":" ","ind2":" ","subfields":[{"a":"n  87864810 "}]}},{"035":{"ind1":" ","ind2":" ","subfields":[{"a":"(DLC)n  87864810"}]}},{"040":{"ind1":" ","ind2":" ","subfields":[{"a":"DLC"},{"c":"DLC"},{"d":"DLC"}]}},{"110":{"ind1":"2","ind2":"0","subfields":[{"a":"Casa de Ejercicios (Atotonilco, Guanajuato, Mexico)"}]}},{"410":{"ind1":"1","ind2":"0","subfields":[{"a":"Atotonilco (Guanajuato, Mexico)."},{"b":"Casa de Ejercicios"}]}},{"670":{"ind1":" ","ind2":" ","subfields":[{"a":"Doniz, R. Casa Santa, 1986:"},{"b":"p. 12 (Casa de Ejercicios de Atotonilco) p. 13 (loc. in Guanajuato)"}]}},{"675":{"ind1":" ","ind2":" ","subfields":[{"a":"Dic. Porrúa, 1971;"},{"a":"Encic. de Méx., 1966."}]}}]}
{"leader":"00492cz  a2200157n  4500","fields":[{"001":"3335853"},{"005":"19960906053243.4"},{"008":"940811n| acannaab|          |a aaa      "},{"010":{"ind1":" ","ind2":" ","subfields":[{"a":"n  94076945 "}]}},{"035":{"ind1":" ","ind2":" ","subfields":[{"a":"(OCoLC)oca03660933 "}]}},{"035":{"ind1":" ","ind2":" ","subfields":[{"a":"(DLC)n  94076945"}]}},{"040":{"ind1":" ","ind2":" ","subfields":[{"a":"DLC"},{"c":"DLC"},{"d":"DLC"},{"d":"IWhN"}]}},{"100":{"ind1":"1","ind2":"0","subfields":[{"a":"Stewart, Georgiana Liccione"}]}},{"400":{"ind1":"1","ind2":"0","subfields":[{"a":"Stewart, Georgiana"}]}},{"670":{"ind1":" ","ind2":" ","subfields":[{"a":"Get a good start, p1980:"},{"b":"container (Georgiana Liccione Stewart)"}]}},{"670":{"ind1":" ","ind2":" ","subfields":[{"a":"Folk dance fun, p1984:"},{"b":"container (Georgiana Stewart)"}]}}]}
{"leader":"00504cz  a2200145n  4500","fields":[{"001":"2566549"},{"005":"20040110110720.0"},{"008":"890816n| acannaabn          |a aaa      "},{"010":{"ind1":" ","ind2":" ","subfields":[{"a":"n  88291761 "},{"z":"n  78037898 "}]}},{"035":{"ind1":" ","ind2":" ","subfields":[{"a":"(DLC)n  88291761"}]}},{"040":{"ind1":" ","ind2":" ","subfields":[{"a":"DLC"},{"c":"DLC"},{"d":"DLC"}]}},{"100":{"ind1":"0","ind2":" ","subfields":[{"a":"Pāratiyār,"},{"d":"1882-1921."},{"t":"Essays"}]}},{"400":{"ind1":"0","ind2":" ","subfields":[{"a":"Pāratiyār,"},{"d":"1882-1921."},{"t":"Makākavi Pāratiyār kaṭṭuraikaḷ"}]}},{"400":{"ind1":"0","ind2":" ","subfields":[{"a":"Pāratiyār,"},{"d":"1882-1921."},{"t":"Kaṭṭuraikaḷ"}]}},{"670":{"ind1":" ","ind2":" ","subfields":[{"a":"His Makākavi Pāratiyār kaṭṭuraikaḷ, 1981."}]}}]}
{"leader":"00344nz  a2200133n  4500","fields":[{"001":"3284627"},{"005":"19940225153038.7"},{"008":"940225n| acannaab|          |n aaa ||| c"},{"010":{"ind1":" ","ind2":" ","subfields":[{"a":"n  94018780 "}]}},{"035":{"ind1":" ","ind2":" ","subfields":[{"a":"(DLC)n  94018780"}]}},{"040":{"ind1":" ","ind2":" ","subfields":[{"a":"Uk"},{"c":"DLC"}]}},{"100":{"ind1":"1","ind2":"0","subfields":[{"a":"Tozer, Fred"}]}},{"667":{"ind1":" ","ind2":" ","subfields":[{"a":"Data prepared by the British Library"}]}},{"670":{"ind1":" ","ind2":" ","subfields":[{"a":"Fred Tozer's Newton Abbot album."}]}}]}
{"leader":"00335nz  a2200121n  4500","fields":[{"001":"3502291"},{"005":"19960123163731.3"},{"008":"960123n| acannaab|          |n aaa |||  "},{"010":{"ind1":" ","ind2":" ","subfields":[{"a":"n  96005268 "}]}},{"035":{"ind1":" ","ind2":" ","subfields":[{"a":"(DLC)n  96005268"}]}},{"040":{"ind1":" ","ind2":" ","subfields":[{"a":"DLC"},{"c":"DLC"}]}},{"100":{"ind1":"1","ind2":"0","subfields":[{"a":"Comand, Patrizia"}]}},{"670":{"ind1":" ","ind2":" ","subfields":[{"a":"Patrizia Comand, 1995:"},{"b":"p. 5 (artist; born in Corbetta (Milan), Italy)"}]}}]}
{"leader":"00482cz  a2200145n  4500","fields":[{"001":"1933735"},{"005":"20080504201144.0"},{"008":"860819n| acannaabn          |a ana      "},{"010":{"ind1":" ","ind2":" ","subfields":[{"a":"n  85372312 "}]}},{"035":{"ind1":" ","ind2":" ","subfields":[{"a":"(OCoLC)oca01695069"}]}},{"035":{"ind1":" ","ind2":" ","subfields":[{"a":"(DLC)n  85372312"}]}},{"040":{"ind1":" ","ind2":" ","subfields":[{"a":"DLC"},{"b":"eng"},{"c":"DLC"},{"d":"OCoLC"}]}},{"110":{"ind1":"1","ind2":" ","subfields":[{"a":"Costa Rica."},{"b":"Tribunal de Casación"}]}},{"410":{"ind1":"1","ind2":" ","subfields":[{"a":"Costa Rica."},{"b":"Casación, Tribunal de"}]}},{"670":{"ind1":" ","ind2":" ","subfields":[{"a":"Arias A., J.L. Indice de la jurisprudencia del Tribunal de Casación ... 1970:"},{"b":"t.p. (Costa Rica)"}]}}]}
{"leader":"00862cz  a2200145n  4500","fields":[{"001":"2245542"},{"005":"20120812204639.0"},{"008":"871218n| acannaab           |a and      "},{"010":{"ind1":" ","ind2":" ","subfields":[{"a":"n  87152081 "}]}},{"035":{"ind1":" ","ind2":" ","subfields":[{"a":"(DLC)n  87152081"}]}},{"040":{"ind1":" ","ind2":" ","subfields":[{"a":"DLC"},{"b":"eng"},{"c":"DLC"},{"d":"DLC"}]}},{"111":{"ind1":"2","ind2":" ","subfields":[{"a":"International Conference on Veterinary Pharmacology, Toxicology, and Therapeutics"},{"d":"(1980 :"},{"c":"Cambridge University)"}]}},{"411":{"ind1":"2","ind2":" ","subfields":[{"a":"Conference on Veterinary Pharmacology, Toxicology, and Therapeutics, International"}]}},{"667":{"ind1":" ","ind2":" ","subfields":[{"a":"THIS 1XX FIELD CANNOT BE USED UNDER RDA UNTIL THIS RECORD HAS BEEN REVIEWED AND/OR UPDATED"}]}},{"670":{"ind1":" ","ind2":" ","subfields":[{"a":"nuc87-130876: Its Proceedings of an International ... 1983"},{"b":"(hdg. on CU-AM rept.: International Conference on Veterinary Pharmacology, Toxicology, and Therapeutics (1980 : Cambridge University); usage: International Conference on Veterinary Pharmacology, Toxicology, and Therapeutics)"}]}}]}
{"leader":"00520cz  a2200133n  4500","fields":[{"001":"2287000"},{"005":"20080423003118.0"},{"008":"871001n| acannaabn          |n aaa      "},{"010":{"ind1":" ","ind2":" ","subfields":[{"a":"n  87844231 "}]}},{"035":{"ind1":" ","ind2":" ","subfields":[{"a":"(OCoLC)oca01953276"}]}},{"035":{"ind1":" ","ind2":" ","subfields":[{"a":"(DLC)n  87844231"}]}},{"040":{"ind1":" ","ind2":" ","subfields":[{"a":"DLC"},{"b":"eng"},{"c":"DLC"},{"d":"DLC"},{"d":"OCoLC"}]}},{"100":{"ind1":"1","ind2":" ","subfields":[{"a":"Brown, Marianne Parker"}]}},{"670":{"ind1":" ","ind2":" ","subfields":[{"a":"Her A worker's guide to right to know about hazards in the workplace, c1987:"},{"b":"t.p. (Marianne Parker Brown, UCLA Center for Labor Research and Education, IIR, UC Southern Occupational Health Center)"}]}}]}
{"leader":"00708cz  a2200169n  4500","fields":[{"001":"3523436"},{"005":"20031008220645.0"},{"008":"960326n| acannaabn          |a aaa      "},{"010":{"ind1":" ","ind2":" ","subfields":[{"a":"n  96029391 "}]}},{"035":{"ind1":" ","ind2":" ","subfields":[{"a":"(OCoLC)oca04043416"}]}},{"035":{"ind1":" ","ind2":" ","subfields":[{"a":"(DLC)n  96029391"}]}},{"040":{"ind1":" ","ind2":" ","subfields":[{"a":"DLC"},{"c":"DLC"},{"d":"DLC"},{"d":"OClW"}]}},{"100":{"ind1":"1","ind2":" ","subfields":[{"a":"Platter, Charles,"},{"d":"1957-"}]}},{"400":{"ind1":"1","ind2":" ","subfields":[{"a":"Platter, Charles Leon,"},{"d":"1957-"}]}},{"670":{"ind1":" ","ind2":" ","subfields":[{"a":"Sex and gender in medieval ... 1997:"},{"b":"CIP t.p. (Charles Platter) data sheet (b. 01-31-57)"}]}},{"670":{"ind1":" ","ind2":" ","subfields":[{"a":"Carnivalizing difference, 2001:"},{"b":"t.p. (Charles Platter) p. xi (assoc. prof. of classics, Univ. of Georgia)"}]}},{"670":{"ind1":" ","ind2":" ","subfields":[{"a":"OCLC, Apr. 25, 2002"},{"b":"(hdg.: Platter, Charles; Platter, Charles Leon; usage: Charles Platter; Charles Leon Platter)"}]}}]}
{"leader":"00463cz  a2200145n  4500","fields":[{"001":"2974875"},{"005":"20031008212644.0"},{"008":"910626n| acannaabn          |n aaa     c"},{"010":{"ind1":" ","ind2":" ","subfields":[{"a":"n  91063490 "}]}},{"035":{"ind1":" ","ind2":" ","subfields":[{"a":"(OCoLC)oca02973842"}]}},{"035":{"ind1":" ","ind2":" ","subfields":[{"a":"(DLC)n  91063490"}]}},{"040":{"ind1":" ","ind2":" ","subfields":[{"a":"ICU"},{"b":"eng"},{"c":"ICU"},{"d":"OCoLC"}]}},{"053":{"ind1":" ","ind2":"0","subfields":[{"a":"PQ7798.12.A294"}]}},{"100":{"ind1":"1","ind2":" ","subfields":[{"a":"Badía, Juan Alberto,"},{"d":"1946-"}]}},{"670":{"ind1":" ","ind2":" ","subfields":[{"a":"His El día que John Lennon vino a la Argentina, 1990:"},{"b":"t.p. (Juan Alberto Badía) cover flap (born 1946)"}]}}]}
{"leader":"00445cz  a2200133n  4500","fields":[{"001":"2264850"},{"005":"20080423002539.0"},{"008":"870324n| acannaabn          |n aaa      "},{"010":{"ind1":" ","ind2":" ","subfields":[{"a":"n  87818205 "}]}},{"035":{"ind1":" ","ind2":" ","subfields":[{"a":"(OCoLC)oca01819285"}]}},{"035":{"ind1":" ","ind2":" ","subfields":[{"a":"(DLC)n  87818205"}]}},{"040":{"ind1":" ","ind2":" ","subfields":[{"a":"DLC"},{"b":"eng"},{"c":"DLC"},{"d":"DLC"},{"d":"OCoLC"}]}},{"100":{"ind1":"1","ind2":" ","subfields":[{"a":"Masson, Roger Raphaël,"},{"d":"1903-1980"}]}},{"670":{"ind1":" ","ind2":" ","subfields":[{"a":"His D'Evariste Poitevin à Goulebenèze, 1984:"},{"b":"t.p. (Roger Raphaël Masson) p. 5 (b. 3-27-03; d. 4-30-80)"}]}}]}
{"leader":"00564cz  a2200133n  4500","fields":[{"001":"3407027"},{"005":"20120819220120.0"},{"008":"950324n| acannaab           |n ana      "},{"010":{"ind1":" ","ind2":" ","subfields":[{"a":"n  95029370 "}]}},{"035":{"ind1":" ","ind2":" ","subfields":[{"a":"(DLC)n  95029370"}]}},{"040":{"ind1":" ","ind2":" ","subfields":[{"a":"DLC"},{"b":"eng"},{"c":"DLC"},{"d":"DLC"}]}},{"111":{"ind1":"2","ind2":" ","subfields":[{"a":"Congreso Galego de Xerontoloxía e Xeriatría"}]}},{"667":{"ind1":" ","ind2":" ","subfields":[{"a":"THIS 1XX FIELD CANNOT BE USED UNDER RDA UNTIL THIS RECORD HAS BEEN REVIEWED AND/OR UPDATED"}]}},{"670":{"ind1":" ","ind2":" ","subfields":[{"a":"100 anos ben, por que non? 1992:"},{"b":"t.p. (II Congreso Galego de Xerontoloxía e Xeriatría) t.p. verso (held in Santiago de Compostela, Oct. 4-5, 1991)"}]}}]}
{"leader":"00548nz  a2200133n  4500","fields":[{"001":"3257150"},{"005":"19931220105025.7"},{"008":"931220n| acannaab|          |a ana |||  "},{"010":{"ind1":" ","ind2":" ","subfields":[{"a":"n  93122595 "}]}},{"035":{"ind1":" ","ind2":" ","subfields":[{"a":"(DLC)n  93122595"}]}},{"040":{"ind1":" ","ind2":" ","subfields":[{"a":"DLC"},{"c":"DLC"},{"d":"DLC"}]}},{"110":{"ind1":"2","ind2":"0","subfields":[{"a":"Nizhnekolymskiĭ muzeĭ istorii i kulʹtury narodnosteĭ Severa"}]}},{"410":{"ind1":"1","ind2":"0","subfields":[{"a":"Nizhnekolymsk (Russia)."},{"b":"Nizhnekolymskiĭ muzeĭ istorii i kulʹtury narodnosteĭ Severa"}]}},{"670":{"ind1":" ","ind2":" ","subfields":[{"a":"Zapoli︠a︡rnai︠a︡ tochka GULAGa, 1993:"},{"b":"t.p. (Nizhnekolymskiĭ muzeĭ istorii i kulʹtury narodnosteĭ Severa)"}]}}]}
{"leader":"00400nz  a2200121n  4500","fields":[{"001":"3007894"},{"005":"19911002113631.6"},{"008":"911002n| acannaab|          |n aaa |||  "},{"010":{"ind1":" ","ind2":" ","subfields":[{"a":"n  91100564 "}]}},{"035":{"ind1":" ","ind2":" ","subfields":[{"a":"(DLC)n  91100564"}]}},{"040":{"ind1":" ","ind2":" ","subfields":[{"a":"DLC"},{"c":"DLC"}]}},{"100":{"ind1":"1","ind2":"0","subfields":[{"a":"Heise, Elke,"},{"d":"1960-"}]}},{"670":{"ind1":" ","ind2":" ","subfields":[{"a":"Her Strukturalistische Rekonstruktion der ACT-Theorie von Anderson, 1991:"},{"b":"t.p. (Elke Heise) p. 4 of cover (b. 1960 in Braunschweig)"}]}}]}
{"leader":"00467cz  a2200133n  4500","fields":[{"001":"2395706"},{"005":"20080316185954.0"},{"008":"880512n| acannaabn          |n aaa      "},{"010":{"ind1":" ","ind2":" ","subfields":[{"a":"n  88040905 "}]}},{"035":{"ind1":" ","ind2":" ","subfields":[{"a":"(OCoLC)oca02273962"}]}},{"035":{"ind1":" ","ind2":" ","subfields":[{"a":"(DLC)n  88040905"}]}},{"040":{"ind1":" ","ind2":" ","subfields":[{"a":"DLC"},{"b":"eng"},{"c":"DLC"},{"d":"OCoLC"}]}},{"100":{"ind1":"1","ind2":" ","subfields":[{"a":"Knight, Hans"}]}},{"670":{"ind1":" ","ind2":" ","subfields":[{"a":"Jones, E.L. Walter M. Phillips, c1987:"},{"b":"t.p. (Hans Knight) jkt. (b. in Austria & raised in England; journalist; writer & editor with the Philadelphia bulletin)"}]}}]}
{"leader":"00544nz  a2200133n  4500","fields":[{"001":"3134838"},{"005":"19921123153242.0"},{"008":"921123n| acannaab|          |n aaa |||  "},{"010":{"ind1":" ","ind2":" ","subfields":[{"a":"n  92113247 "}]}},{"035":{"ind1":" ","ind2":" ","subfields":[{"a":"(DLC)n  92113247"}]}},{"040":{"ind1":" ","ind2":" ","subfields":[{"a":"DLC"},{"c":"DLC"}]}},{"100":{"ind1":"1","ind2":"0","subfields":[{"a":"Schwanthaler, Johann Peter,"},{"d":"1720-1795"}]}},{"670":{"ind1":" ","ind2":" ","subfields":[{"a":"Achleitner, H. Johann Peter der Ältere Schwanthaler, 1720-1795:"},{"b":"t.p. (bayer.-österr. Rokokobildhauer) p. 20 (b. 06/24/1720 in Ried; d. 07/20/1795 in Ried)"}]}},{"670":{"ind1":" ","ind2":" ","subfields":[{"a":"Thieme"},{"b":"(under Schwanthaler: Joh. Peter, d. Ält.; b. 06/24/1720; d. 07/20/1795)"}]}}]}
{"leader":"00551nz  a2200121n  4500","fields":[{"001":"3420164"},{"005":"19950504143629.2"},{"008":"950504n| acannaab|          |n ana |||  "},{"010":{"ind1":" ","ind2":" ","subfields":[{"a":"n  95044312 "}]}},{"035":{"ind1":" ","ind2":" ","subfields":[{"a":"(DLC)n  95044312"}]}},{"040":{"ind1":" ","ind2":" ","subfields":[{"a":"DLC"},{"c":"DLC"}]}},{"110":{"ind1":"2","ind2":"0","subfields":[{"a":"King's Galliard (Musical group)"}]}},{"670":{"ind1":" ","ind2":" ","subfields":[{"a":"Irish folk music, p1979:"},{"b":"label (King's Galliard) cover (founded ca. 1971; Irish folk group based in Europe; consists of 4 classically trained Dutch musicians who sing and play various folk instruments: Jan-Erik Noske, Jørn Plas, Lenneke Willems, and Frenk van Meeteren)"}]}}]}
{"leader":"00873cz  a2200193n  4500","fields":[{"001":"1918982"},{"005":"19931021084105.1"},{"008":"860425n| acannaab|          |a ana |||  "},{"010":{"ind1":" ","ind2":" ","subfields":[{"a":"n  85353253 "}]}},{"035":{"ind1":" ","ind2":" ","subfields":[{"a":"(DLC)n  85353253"}]}},{"040":{"ind1":" ","ind2":" ","subfields":[{"a":"DLC"},{"c":"DLC"},{"d":"DLC"}]}},{"110":{"ind1":"2","ind2":"0","subfields":[{"a":"Companhia Nacional de Cimento Portland Perus (São Paulo, Brazil)"}]}},{"410":{"ind1":"2","ind2":"0","subfields":[{"a":"Fábrica \"Perus\" (São Paulo, Brazil)"}]}},{"410":{"ind1":"2","ind2":"0","subfields":[{"a":"Perus (Firm : São Paulo, Brazil)"}]}},{"410":{"ind1":"2","ind2":"0","subfields":[{"a":"Cimento Perus (Firm : São Paulo, Brazil)"}]}},{"410":{"ind1":"2","ind2":"0","subfields":[{"a":"Fábrica de Cimento Perus (São Paulo, Brazil)"}]}},{"670":{"ind1":" ","ind2":" ","subfields":[{"a":"A \"Máfia\" do cimento, 1985?:"},{"b":"t.p. (Perus) p. 33 (Companhia Nacional de Cimento Portland Perus) p. 51 (Fábrica \"Perus\"; São Paulo)"}]}},{"670":{"ind1":" ","ind2":" ","subfields":[{"a":"Cimento Perus, 1992:"},{"b":"p. 5 (Fábrica de Cimento Perus, nos subúrbios de São Paulo)"}]}},{"675":{"ind1":" ","ind2":" ","subfields":[{"a":"Amaral, A.B. do. Dicionário de história de São Paulo, 1980."}]}}]}
{"leader":"00345cz  a2200121n  4500","fields":[{"001":"2539363"},{"005":"19890314162841.8"},{"008":"890123n| acannaab|          |n aaa |||  "},{"010":{"ind1":" ","ind2":" ","subfields":[{"a":"n  88249623 "}]}},{"035":{"ind1":" ","ind2":" ","subfields":[{"a":"(DLC)n  88249623"}]}},{"040":{"ind1":" ","ind2":" ","subfields":[{"a":"DLC"},{"c":"DLC"},{"d":"DLC"}]}},{"100":{"ind1":"1","ind2":"0","subfields":[{"a":"Barmin, V. P."}]}},{"670":{"ind1":" ","ind2":" ","subfields":[{"a":"Oborudovanie kosmicheskogo proizvodstva, 1988:"},{"b":"t.p. (akademika V. P. Barmina)"}]}}]}
{"leader":"00373cz  a2200133n  4500","fields":[{"001":"2305008"},{"005":"20080427202057.0"},{"008":"871216n| acannaabn          |n aaa     c"},{"010":{"ind1":" ","ind2":" ","subfields":[{"a":"n  87870334 "}]}},{"035":{"ind1":" ","ind2":" ","subfields":[{"a":"(OCoLC)oca02165833"}]}},{"035":{"ind1":" ","ind2":" ","subfields":[{"a":"(DLC)n  87870334"}]}},{"040":{"ind1":" ","ind2":" ","subfields":[{"a":"InU"},{"b":"eng"},{"c":"DLC"},{"d":"DLC"},{"d":"OCoLC"}]}},{"100":{"ind1":"1","ind2":" ","subfields":[{"a":"Elsesser, Lionelle"}]}},{"670":{"ind1":" ","ind2":" ","subfields":[{"a":"Her Patient education, 1982:"},{"b":"t.p. (Lionelle Elsesser)"}]}}]}
{"leader":"00587cz  a2200145n  4500","fields":[{"001":"2555471"},{"005":"19890428060932.7"},{"008":"890316n| acannaab|          |a aaa |||  "},{"010":{"ind1":" ","ind2":" ","subfields":[{"a":"n  88274591 "}]}},{"035":{"ind1":" ","ind2":" ","subfields":[{"a":"(DLC)n  88274591"}]}},{"040":{"ind1":" ","ind2":" ","subfields":[{"a":"DLC"},{"c":"DLC"}]}},{"100":{"ind1":"1","ind2":"0","subfields":[{"a":"Nicklin, John Bailey Calvert,"},{"d":"1891-1949"}]}},{"400":{"ind1":"1","ind2":"0","subfields":[{"w":"nnaa"},{"a":"Nicklin, John Bailey Calvert,"},{"d":"1891-"}]}},{"670":{"ind1":" ","ind2":" ","subfields":[{"a":"NUCMC data from Virginia Historical Society Lib. for His Papers, ca. 1930-1949"},{"b":"(Nicklin, John Bailey Calvert, 1891-1949; genealogist, of Chattanooga, Tenn.)"}]}},{"670":{"ind1":" ","ind2":" ","subfields":[{"a":"LC manual auth. cd."},{"b":"(hdg.: Nicklin, John Bailey Calvert, 1891- )"}]}}]}
{"leader":"00318nz  a2200121n  4500","fields":[{"001":"3011984"},{"005":"19911016125033.9"},{"008":"911016n| acannaab|          |n aaa |||  "},{"010":{"ind1":" ","ind2":" ","subfields":[{"a":"n  91105195 "}]}},{"035":{"ind1":" ","ind2":" ","subfields":[{"a":"(DLC)n  91105195"}]}},{"040":{"ind1":" ","ind2":" ","subfields":[{"a":"DLC"},{"c":"DLC"}]}},{"100":{"ind1":"1","ind2":"0","subfields":[{"a":"Zilly, Ulrike"}]}},{"670":{"ind1":" ","ind2":" ","subfields":[{"a":"Wie ein flüchtiger Hirsch, c1989:"},{"b":"t.p. (Ulrike Zilly)"}]}}]}
{"leader":"00670cz  a2200145n  4500","fields":[{"001":"1988837"},{"005":"20080408193634.0"},{"008":"870304n| acannaabn          |a aaa      "},{"010":{"ind1":" ","ind2":" ","subfields":[{"a":"n  86015262 "}]}},{"035":{"ind1":" ","ind2":" ","subfields":[{"a":"(OCoLC)oca01800815"}]}},{"035":{"ind1":" ","ind2":" ","subfields":[{"a":"(DLC)n  86015262"}]}},{"040":{"ind1":" ","ind2":" ","subfields":[{"a":"DNLM"},{"b":"eng"},{"c":"DLC"},{"d":"DLC"},{"d":"OCoLC"}]}},{"100":{"ind1":"1","ind2":" ","subfields":[{"a":"Tunstall-Pedoe, Hugh"}]}},{"400":{"ind1":"1","ind2":" ","subfields":[{"a":"Pedoe, Hugh Tunstall-"}]}},{"670":{"ind1":" ","ind2":" ","subfields":[{"a":"His MCQs in epidemiology and community medicine, 1987:"},{"b":"CIP t.p. (Hugh Tunstall Pedoe, MA, MD, FRCP, FRCPE, FFCM; prof. of cardiovascular epidemiology and sen. lecturer in med., Ninewells Hosp. and Med. Sch., Univ. of Dundee; hon. specialist in comm. med., Tayside Health Board) book t.p. (Hugh Tunstall-Pedoe)"}]}}]}
{"leader":"00516cz  a2200157n  4500","fields":[{"001":"2779707"},{"005":"20031008211701.0"},{"008":"890825n| acannaabn          |a aaa     c"},{"010":{"ind1":" ","ind2":" ","subfields":[{"a":"n  89647780 "}]}},{"035":{"ind1":" ","ind2":" ","subfields":[{"a":"(OCoLC)oca02591252"}]}},{"035":{"ind1":" ","ind2":" ","subfields":[{"a":"(DLC)n  89647780"}]}},{"040":{"ind1":" ","ind2":" ","subfields":[{"a":"TxU"},{"b":"eng"},{"c":"TxU"},{"d":"OCoLC"}]}},{"053":{"ind1":" ","ind2":"0","subfields":[{"a":"PQ7298.25.L545"}]}},{"100":{"ind1":"1","ind2":" ","subfields":[{"a":"Olmedo, Alejandro,"},{"d":"1956-"}]}},{"400":{"ind1":"1","ind2":" ","subfields":[{"a":"Pozos, Alejandro Olmedo,"},{"d":"1956-"}]}},{"670":{"ind1":" ","ind2":" ","subfields":[{"a":"His Nocturno desordenado, 1988:"},{"b":"t.p. (Alejandro Olmedo) cover p. 4 (Alejandro Olmedo Pozos; b. 1956 in Mexico City)"}]}}]}
{"leader":"00441cz  a2200133n  4500","fields":[{"001":"2274121"},{"005":"20080421012323.0"},{"008":"870430n| acannaabn          |n aad      "},{"010":{"ind1":" ","ind2":" ","subfields":[{"a":"n  87828013 "}]}},{"035":{"ind1":" ","ind2":" ","subfields":[{"a":"(OCoLC)oca01845003"}]}},{"035":{"ind1":" ","ind2":" ","subfields":[{"a":"(DLC)n  87828013"}]}},{"040":{"ind1":" ","ind2":" ","subfields":[{"a":"DLC"},{"b":"eng"},{"c":"DLC"},{"d":"OCoLC"}]}},{"100":{"ind1":"1","ind2":" ","subfields":[{"a":"Igwe, Alfred Oliwo"}]}},{"670":{"ind1":" ","ind2":" ","subfields":[{"a":"nuc87-39041: His A design for vocational education ... 1984"},{"b":"(hdg. on NBuU rept.: Igwe, Alfred Oliwo; usage: Alfred Oliwo Igwe)"}]}}]}
{"leader":"00499cz  a2200157n  4500","fields":[{"001":"2947505"},{"005":"20140727121051.0"},{"008":"910403n| azannaab           |n aaa      "},{"010":{"ind1":" ","ind2":" ","subfields":[{"a":"n  91032608 "}]}},{"035":{"ind1":" ","ind2":" ","subfields":[{"a":"(DLC)n  91032608"}]}},{"040":{"ind1":" ","ind2":" ","subfields":[{"a":"DLC"},{"b":"eng"},{"e":"rda"},{"c":"DLC"},{"d":"DLC"}]}},{"100":{"ind1":"1","ind2":" ","subfields":[{"a":"Panic, Idzi"}]}},{"375":{"ind1":" ","ind2":" ","subfields":[{"a":"male"}]}},{"377":{"ind1":" ","ind2":" ","subfields":[{"a":"pol"}]}},{"670":{"ind1":" ","ind2":" ","subfields":[{"a":"His Księstwo Cieszyńskie w średniowieczu, 1988:"},{"b":"t.p. (Idzi Panic)"}]}},{"670":{"ind1":" ","ind2":" ","subfields":[{"a":"Żory we wczesnym średniowieczu, c2000:"},{"b":"t.p. (Idzi Panic) p. 4 of cover (b. Nov. 24, 1952)"}]}}]}
{"leader":"01382cz  a2200193n  4500","fields":[{"001":"2023379"},{"005":"19970317084631.6"},{"008":"861007n| acannaab|          |a ana |||  "},{"010":{"ind1":" ","ind2":" ","subfields":[{"a":"n  86060639 "}]}},{"035":{"ind1":" ","ind2":" ","subfields":[{"a":"(DLC)n  86060639"}]}},{"040":{"ind1":" ","ind2":" ","subfields":[{"a":"DLC"},{"c":"DLC"},{"d":"DLC"}]}},{"110":{"ind1":"2","ind2":"0","subfields":[{"a":"Kuĭbyshevskiĭ aviat︠s︡ionnyĭ institut im. S.P. Koroleva"}]}},{"410":{"ind1":"2","ind2":"0","subfields":[{"a":"Kuĭbyshevskiĭ aviat︠s︡ionnyĭ institut imeni S.P. Koroleva"}]}},{"410":{"ind1":"2","ind2":"0","subfields":[{"a":"Kuĭbyshevskiĭ ordena Trudovogo Krasnogo Znameni aviat︠s︡ionnyĭ institut imeni akademika S.P. Koroleva"}]}},{"410":{"ind1":"1","ind2":"0","subfields":[{"a":"Russian S.F.S.R."},{"b":"Kuĭbyshevskiĭ aviat︠s︡ionnyĭ institut im. S.P. Koroleva"}]}},{"510":{"ind1":"2","ind2":"0","subfields":[{"w":"b"},{"a":"Samarskiĭ aviat︠s︡ionnyĭ institut im. S.P. Koroleva"}]}},{"670":{"ind1":" ","ind2":" ","subfields":[{"a":"Trudy sedʹmykh Chteniĭ, posvi︠a︡. razr. nauch. nasl. i razv. ideĭ F.A. T︠S︡andera, 1984:"},{"b":"t.p. (Kuĭbyshevskiĭ aviat︠s︡ionnyĭ institut im. S.P. Koroleva)"}]}},{"670":{"ind1":" ","ind2":" ","subfields":[{"a":"Poroshkovai︠a︡ metallurgii︠a︡ i metallovedenie, 1990:"},{"b":"t.p. (t.p. (Ministerstvo vysshego i srednego spet︠s︡ialʹnogo obrazovanii︠a︡ RSFSR, Kuĭbyshevskiĭ ordena Trudovogo Krasnogo Znameni aviat︠s︡ionnyĭ institut imeni akademika S.P. Koroleva)"}]}},{"675":{"ind1":" ","ind2":" ","subfields":[{"a":"Aviat︠s︡ionnyĭ institut imeni akademika S.P. Koroleva, 1942-1992, 1992:"},{"a":"t.p. verso (Samarskogo ordena Trudovogo Krasnogo Znameni aviat︠s︡ionnogo instituta imeni akademika S.P. Koroleva)"}]}}]}
{"leader":"00441nz  a2200121n  4500","fields":[{"001":"2161100"},{"005":"19860618142133.4"},{"008":"860618n| acannaab|          |n aad |||  "},{"010":{"ind1":" ","ind2":" ","subfields":[{"a":"n  86834640 "}]}},{"035":{"ind1":" ","ind2":" ","subfields":[{"a":"(DLC)n  86834640"}]}},{"040":{"ind1":" ","ind2":" ","subfields":[{"a":"DLC"},{"c":"DLC"}]}},{"100":{"ind1":"1","ind2":"0","subfields":[{"a":"Knight, Robert W."},{"q":"(Robert William),"},{"d":"1953-"}]}},{"670":{"ind1":" ","ind2":" ","subfields":[{"a":"nuc86-56480: His Artificial revegetation of mine spoils ... 1981"},{"b":"(hdg. on Tx rept.: Knight, R. W. (Robert William), 1953- ; usage: Robert W. Knight)"}]}}]}
{"leader":"00353cz  a2200133n  4500","fields":[{"001":"2295580"},{"005":"20080408201108.0"},{"008":"880122n| acannaabn          |n ana     c"},{"010":{"ind1":" ","ind2":" ","subfields":[{"a":"n  87856556 "}]}},{"035":{"ind1":" ","ind2":" ","subfields":[{"a":"(OCoLC)oca02187047"}]}},{"035":{"ind1":" ","ind2":" ","subfields":[{"a":"(DLC)n  87856556"}]}},{"040":{"ind1":" ","ind2":" ","subfields":[{"a":"MoSU-L"},{"b":"eng"},{"c":"DLC"},{"d":"DLC"},{"d":"OCoLC"}]}},{"110":{"ind1":"2","ind2":" ","subfields":[{"a":"Suffolk Bank"}]}},{"670":{"ind1":" ","ind2":" ","subfields":[{"a":"Its Suffolk Bank v. Danby Bank, 1860?"}]}}]}
{"leader":"00531cz  a2200157n  4500","fields":[{"001":"3439760"},{"005":"20031008220017.0"},{"008":"950707n| acannaabn          |a aaa      "},{"010":{"ind1":" ","ind2":" ","subfields":[{"a":"n  95066892 "}]}},{"035":{"ind1":" ","ind2":" ","subfields":[{"a":"(OCoLC)oca03872055"}]}},{"035":{"ind1":" ","ind2":" ","subfields":[{"a":"(DLC)n  95066892"}]}},{"040":{"ind1":" ","ind2":" ","subfields":[{"a":"DLC"},{"b":"eng"},{"c":"DLC"},{"d":"DLC"},{"d":"OCoLC"}]}},{"053":{"ind1":" ","ind2":"0","subfields":[{"a":"PS3563.A2553"}]}},{"100":{"ind1":"1","ind2":" ","subfields":[{"a":"Maccagnone, Garasamo"}]}},{"400":{"ind1":"1","ind2":" ","subfields":[{"a":"Maccagnone, Gary"}]}},{"670":{"ind1":" ","ind2":" ","subfields":[{"a":"His The affliction of dreams, 1994:"},{"b":"t.p. (Garasamo Maccagnone) p. 4 of cover (Gary Maccagnone; 35-year-old C.E.O. of a world-wide shipping company)"}]}}]}
{"leader":"00477cz  a2200145n  4500","fields":[{"001":"2468011"},{"005":"19890531071530.9"},{"008":"890427n| acannaab|          |a aaa ||| c"},{"010":{"ind1":" ","ind2":" ","subfields":[{"a":"n  88145899 "}]}},{"035":{"ind1":" ","ind2":" ","subfields":[{"a":"(DLC)n  88145899"}]}},{"040":{"ind1":" ","ind2":" ","subfields":[{"a":"CSt"},{"c":"DLC"}]}},{"100":{"ind1":"1","ind2":"0","subfields":[{"a":"Goerttler, Kurt,"},{"d":"1898-"}]}},{"400":{"ind1":"1","ind2":"0","subfields":[{"a":"Goerttler, K."},{"q":"(Kurt),"},{"d":"1898-"}]}},{"670":{"ind1":" ","ind2":" ","subfields":[{"a":"His Lesen, Bildung, Wissenschaft, 1970?:"},{"b":"t.p. (Kurt Goerttler) p. 2 (Prof. Dr. med. K. Goerttler)"}]}},{"670":{"ind1":" ","ind2":" ","subfields":[{"a":"NUC 1968-72"},{"b":"(hdg.: Goerttler, Kurt, 1898- )"}]}}]}
{"leader":"00620cz  a2200193n  4500","fields":[{"001":"2550471"},{"005":"20080928195117.0"},{"008":"890601nc acannaabn          |b aaa      "},{"010":{"ind1":" ","ind2":" ","subfields":[{"a":"n  88267441 "}]}},{"035":{"ind1":" ","ind2":" ","subfields":[{"a":"(OCoLC)oca02536353"}]}},{"035":{"ind1":" ","ind2":" ","subfields":[{"a":"(DLC)n  88267441"}]}},{"040":{"ind1":" ","ind2":" ","subfields":[{"a":"DLC"},{"b":"eng"},{"c":"DLC"},{"d":"OCoLC"}]}},{"100":{"ind1":"1","ind2":" ","subfields":[{"a":"Chen, Lin'guang"}]}},{"400":{"ind1":"1","ind2":" ","subfields":[{"w":"nne"},{"a":"Chʻen, Lin-kuang"}]}},{"400":{"ind1":"1","ind2":" ","subfields":[{"a":"陈林光"}]}},{"400":{"ind1":"1","ind2":" ","subfields":[{"a":"陳林光"}]}},{"667":{"ind1":" ","ind2":" ","subfields":[{"a":"Machine-derived non-Latin script reference project."}]}},{"667":{"ind1":" ","ind2":" ","subfields":[{"a":"Non-Latin script references not evaluated."}]}},{"670":{"ind1":" ","ind2":" ","subfields":[{"a":"His Tui wai ching chi mao i shih wu ju men, between 1987 and 1989:"},{"b":"t.p. (Chʻen Lin-kuang)"}]}}]}
{"leader":"00354cz  a2200121n  4500","fields":[{"001":"3197942"},{"005":"19930614114255.9"},{"008":"930614n| acannaab|          |n aaa |||  "},{"010":{"ind1":" ","ind2":" ","subfields":[{"a":"n  93055868 "}]}},{"035":{"ind1":" ","ind2":" ","subfields":[{"a":"(DLC)n  93055868"}]}},{"040":{"ind1":" ","ind2":" ","subfields":[{"a":"DLC"},{"c":"DLC"},{"d":"DLC"}]}},{"100":{"ind1":"1","ind2":"0","subfields":[{"a":"Wonschick, Helmut,"},{"d":"1947-"}]}},{"670":{"ind1":" ","ind2":" ","subfields":[{"a":"Briefe aus Bautzen II, c1992:"},{"b":"t.p. verso (Helmut Wonschick) jkt. (b. 1947)"}]}}]}
{"leader":"00508cz  a2200133n  4500","fields":[{"001":"2926776"},{"005":"19910204123448.4"},{"008":"910129n| acannaab|          |a aac |||  "},{"010":{"ind1":" ","ind2":" ","subfields":[{"a":"n  91009243 "}]}},{"035":{"ind1":" ","ind2":" ","subfields":[{"a":"(DLC)n  91009243"}]}},{"040":{"ind1":" ","ind2":" ","subfields":[{"a":"DLC"},{"c":"DLC"},{"d":"DLC"}]}},{"100":{"ind1":"1","ind2":"0","subfields":[{"a":"Zavʹi︠a︡lov, Mikhail Aleksandrovich"}]}},{"400":{"ind1":"1","ind2":"0","subfields":[{"a":"Zavʹi︠a︡lov, M. A."},{"q":"(Mikhail Aleksandrovich)"}]}},{"670":{"ind1":" ","ind2":" ","subfields":[{"a":"Plazmennye prot︠s︡essy v tekhnologicheskikh ... 1989:"},{"b":"colophon (Zavʹi︠a︡lov, Mikhail Aleksandrovich) USSR CIP data (M.A. Zavʹi︠a︡lov)"}]}}]}
{"leader":"00566cz  a2200169n  4500","fields":[{"001":"2833982"},{"005":"20090329164210.0"},{"008":"900419n| acannaabn          |a aaa      "},{"010":{"ind1":" ","ind2":" ","subfields":[{"a":"n  90633972 "}]}},{"035":{"ind1":" ","ind2":" ","subfields":[{"a":"(OCoLC)oca02725723"}]}},{"035":{"ind1":" ","ind2":" ","subfields":[{"a":"(DLC)n  90633972"}]}},{"040":{"ind1":" ","ind2":" ","subfields":[{"a":"DLC"},{"b":"eng"},{"c":"DLC"},{"d":"DLC"},{"d":"NNU-L"}]}},{"100":{"ind1":"1","ind2":" ","subfields":[{"a":"Capozzi, Guido"}]}},{"400":{"ind1":"1","ind2":" ","subfields":[{"a":"Capozzi, G."},{"q":"(Guido)"}]}},{"670":{"ind1":" ","ind2":" ","subfields":[{"a":"His Dei singoli contratti, 1988- :"},{"b":"v. 1, t.p. (Guido Capozzi)"}]}},{"670":{"ind1":" ","ind2":" ","subfields":[{"a":"LC data base, 04-17-90"},{"b":"(hdg.: Capozzi, Guido)"}]}},{"670":{"ind1":" ","ind2":" ","subfields":[{"a":"Successioni e donazioni, c2009:"},{"b":"t.p. (Guido Capozzi) spine (G. Capozzi)"}]}}]}
{"leader":"00527cz  a2200145n  4500","fields":[{"001":"2744827"},{"005":"20120805150409.0"},{"008":"890222n| adannaab           |a aaa     c"},{"010":{"ind1":" ","ind2":" ","subfields":[{"a":"n  89610168 "}]}},{"035":{"ind1":" ","ind2":" ","subfields":[{"a":"(DLC)n  89610168"}]}},{"040":{"ind1":" ","ind2":" ","subfields":[{"a":"IU"},{"b":"eng"},{"c":"IU"},{"d":"DLC"}]}},{"100":{"ind1":"1","ind2":" ","subfields":[{"a":"Ivanychuk, Roman Ivanovych,"},{"d":"1929-"},{"t":"Works."},{"f":"1988"}]}},{"400":{"ind1":"1","ind2":" ","subfields":[{"a":"Ivanychuk, Roman Ivanovych,"},{"d":"1929-"},{"t":"Tvory v trʹokh tomakh."},{"f":"1988"}]}},{"667":{"ind1":" ","ind2":" ","subfields":[{"a":"THIS 1XX FIELD CANNOT BE USED UNDER RDA UNTIL THIS RECORD HAS BEEN REVIEWED AND/OR UPDATED"}]}},{"670":{"ind1":" ","ind2":" ","subfields":[{"a":"His Tvory v trʹokh tomakh, 1988."}]}}]}
{"leader":"00482nz  a2200133n  4500","fields":[{"001":"3429434"},{"005":"19950605120746.1"},{"008":"950605n| acannaab|          |a aaa |||  "},{"010":{"ind1":" ","ind2":" ","subfields":[{"a":"n  95054924 "}]}},{"035":{"ind1":" ","ind2":" ","subfields":[{"a":"(DLC)n  95054924"}]}},{"040":{"ind1":" ","ind2":" ","subfields":[{"a":"DLC"},{"c":"DLC"}]}},{"100":{"ind1":"1","ind2":"0","subfields":[{"a":"Jollivet, B."},{"q":"(Benjamin)."},{"t":"Côtes-du-Nord, histoire et géographie de toutes les villes et communes du département"}]}},{"400":{"ind1":"1","ind2":"0","subfields":[{"a":"Jollivet, B."},{"q":"(Benjamin)."},{"t":"Côtes-du-Nord, Côtes d'Armor"}]}},{"670":{"ind1":" ","ind2":" ","subfields":[{"a":"Côtes-du-Nord, Côtes d'Armor, 1990-"}]}}]}
{"leader":"00478nz  a2200121n  4500","fields":[{"001":"3379045"},{"005":"19940815093931.6"},{"008":"940815n| acannaab|          |n aaa ||| b"},{"010":{"ind1":" ","ind2":" ","subfields":[{"a":"n  94801907 "}]}},{"035":{"ind1":" ","ind2":" ","subfields":[{"a":"(DLC)n  94801907"}]}},{"040":{"ind1":" ","ind2":" ","subfields":[{"a":"DNLM"},{"c":"DLC"}]}},{"100":{"ind1":"1","ind2":"0","subfields":[{"a":"Scaglia, Massimo"}]}},{"670":{"ind1":" ","ind2":" ","subfields":[{"a":"Atlas of human protozoa, 1993:"},{"b":"t.p. (Massimo Scaglia, M.D.; assoc. prof. of clinical pathology, chief, Labor. of Clinical Parasitology, Institute of Infectious Diseases University-IRCCS San Matteo, Pavia, Italy)"}]}}]}
{"leader":"00318cz  a2200121n  4500","fields":[{"001":"2507614"},{"005":"19890411064614.5"},{"008":"890301n| acannaab|          |n aaa |||  "},{"010":{"ind1":" ","ind2":" ","subfields":[{"a":"n  88201746 "}]}},{"035":{"ind1":" ","ind2":" ","subfields":[{"a":"(DLC)n  88201746"}]}},{"040":{"ind1":" ","ind2":" ","subfields":[{"a":"DLC"},{"c":"DLC"}]}},{"100":{"ind1":"1","ind2":"0","subfields":[{"a":"Corbijn, Maarten"}]}},{"670":{"ind1":" ","ind2":" ","subfields":[{"a":"His Toeval betaat niet, 1988:"},{"b":"t.p. (Maarten Corbijn)"}]}}]}
{"leader":"00428nz  a2200121n  4500","fields":[{"001":"2782465"},{"005":"19890913070244.1"},{"008":"890913n| acannaab|          |n aad |||  "},{"010":{"ind1":" ","ind2":" ","subfields":[{"a":"n  89650779 "}]}},{"035":{"ind1":" ","ind2":" ","subfields":[{"a":"(DLC)n  89650779"}]}},{"040":{"ind1":" ","ind2":" ","subfields":[{"a":"DLC"},{"c":"DLC"}]}},{"100":{"ind1":"1","ind2":"0","subfields":[{"a":"MacOwan, Thomas Defoe"}]}},{"670":{"ind1":" ","ind2":" ","subfields":[{"a":"nuc89-83110: His Pressures that are brought to bear upon certain activities ... 1955"},{"b":"(hdg. on NSyU rept.: MacOwan, Thomas Defoe; usage: Thomas Defoe MacOwan)"}]}}]}
